1708 3178
493 184 570 223 εἰ·
610 186 1122 222 αιοσιιᾼιηιῐανε.
1162 194 1171 200 ·

143 297 334 337 breviores
351 295 521 347 adplicat.
548 289 644 335 ibid.
683 295 795 366 'fhe-

145 357 209 393 bas
229 354 380 394 Phthias
408 364 603 405 expugnat.
631 363 685 400 99
704 346 791 404 seq.

147 411 190 452 in
221 411 525 461 Peloponnesum
563 423 652 448 cum
685 409 792 447 classe

111 492 114 496 ι
147 467 186 506 &
218 468 383 507 exercitu
412 467 600 510 reversus,
639 477 793 516 accepto

108 541 117 548 ·
150 526 293 564 nuncio
325 524 440 563 cladis
468 525 720 562 Romanorum
747 521 793 560 ad.

151 581 412 628 Trafimenum
465 582 610 624 lacum,
656 581 793 618 Pacem

149 638 242 679 facit
262 651 351 677 cum
368 635 501 676 AEtolis
512 663 524 681 ,
549 638 587 679 δε
605 639 709 675 Bello
725 638 798 674 So-

149 695 235 735 ciali
254 695 371 733 finem
382 695 552 744 imponit.
579 703 649 731 101
669 715 687 723 -
704 701 795 734 105⁴.

208 748 344 803 dppida
368 751 528 802 Illyriae‚
561 750 796 790 Macedoniae

151 808 289 853 vicina,
319 820 425 858 capta
443 821 463 845 a
482 808 715 851 Scerdilaeda,
735 820 795 844 re-

114 890 118 893 ·
152 863 474 916 cipit&praes1diis
493 864 626 903 firmat.
638 868 686 903 V.
704 871 795 905 108.

114 940 119 943 ·
153 922 246 961 dein
265 922 372 961 claffe
389 922 555 972 lllyriam
575 934 718 972 petens,
742 921 797 970 (&

150 979 219 1030 ipsi
234 980 351 1018 Italiae
370 979 533 1024 inhians,
562 980 754 1030 instigatus
776 990 797 1015 a

113 1059 119 1064 ·
150 1036 350 1076 Demetrio
375 1036 532 1080 Phario,
558 1039 611 1076 V.
638 1044 738 1080 108,
771 1045 795 1079 4

113 1116 119 1121 -
139 1088 225 1147 Jq.)
280 1093 495 1142 Apolloniae
521 1094 660 1132 Panico
685 1092 797 1131 terri-

151 1162 226 1194 tus,
256 1163 297 1188 re
311 1150 467 1194 infecta,
493 1164 572 1188 non
590 1150 668 1188 fine
691 1151 797 1201 igno·

129 1207 295 1251 minin,
323 1208 366 1246 in
387 1208 651 1247 Macedoniam
685 1206 796 1246 redit.

150 1265 204 1308 V,
233 1262 310 1311 10‘9
327 1258 414 1316 seq.
713 1296 715 1299 .

208 1321 342 1359 Foedus
371 1320 463 1359 facit
490 1319 684 1371 Philippus
710 1333 799 1360 cum

115 1399 119 1403 ·
152 1377 368 1417 Hannibale
386 1377 424 1415 &
444 1378 588 1422 Poenis3
606 1381 676 1422 111.
700 1390 737 1421 2,
759 1387 797 1422 3.

152 1432 263 1487 cujus
270 1435 431 1474 formula
439 1430 650 1475 exhibetu'r
660 1436 746 1473 Vll.
758 1446 797 1482 9.

211 1491 383 1531 adversus
406 1491 611 1530 Messenios
635 1492 799 1542 primum

151 1561 284 1600 pravos
302 1561 424 1586 mores
443 1549 609 1587 nudavit.
625 1551 715 1588 vn.
732 1558 746 1584 1
760 1559 798 1593 2,

161 1616 196 1644 1.
233 1601 336 1657 conf.
362 1601 471 1645 Adn.
500 1601 559 1645 ad
592 1617 624 1646 c.
659 1615 729 1650 ιο,
759 1615 796 1645 2.

150 1663 337 1703 adamatus
367 1674 475 1701 antea
498 1665 674 1702 omnibus
691 1665 797 1701 Grae·

150 1722 228 1765 cis,
263 1731 325 1764 ια,
357 1731 379 1765 4
393 1713 491 1786 sqq.
561 1734 581 1758 a
610 1718 798 1758 Cretenfi-

119 1802 122 1804 -
149 1779 220 1817 bus
238 1786 479 1831 τροσταιτης
497 1777 627 1816 insulae
646 1778 797 1816 eleftus.

157 1845 221 1879 12,
254 1845 290 1882 9.
349 1835 488 1872 deinde
514 1835 644 1873 exosus
672 1835 797 1872 omni-

151 1893 232 1931 bus.
257 1900 319 1936 ¹2,
348 1901 398 1928 10
411 1885 504 1944 sqq.
561 1893 704 1930 Natura
725 1893 796 1930 bo-

118 1969 122 1972 ·
149 1962 242 1993 nus,
269 1949 496 1998 procedente
516 1960 624 1986 aetate
644 1949 687 1988 in
705 1949 797 1987 vitia

151 2006 296 2046 incidit.
326 2008 373 2043 X.
394 2005 458 2050 26,
482 2014 504 2049 7
527 1999 592 2058 sq.
650 2006 797 2056 quoties

151 2063 347 2101 Demetrio
376 2062 510 2100 Phario
539 2064 576 2101 δι
603 2063 796 2102 Taurione

153 2119 424 2165 consultoribus
455 2120 542 2158 usus
575 2120 650 2164 est,
691 2119 797 2170 peffi-

152 2188 236 2215 mus
278 2176 357 2215 fuit
389 2176 601 2226 Philippum
650 2175 798 2228 quoties

118 2253 121 2255 ·
146 2234 270 2273 Arato
297 2242 361 2271 aut
389 2234 654 2285 Chi-ysogonm
701 2234 802 2283 opti-

152 2302 248 2331 mus.
267 2293 356 2328 vn.
387 2299 431 2334 ¹3
457 2284 542 2343 seq.
574 2293 641 2329 IX.
665 2300 732 2334 23,
759 2301 797 2338 9.

150 2349 203 2386 V.
229 2356 291 2390 ια,
314 2357 334 2390 ς
356 2341 450 2400 sqq.

119 2426 122 2430 ·
210 2406 370 2442 Aratum
384 2417 536 2443 veneno
557 2408 677 2443 necat.
690 2404 798 2443 VIII.

159 2471 175 2497 ι
186 2471 222 2506 4.
281 2458 422 2499 Lissum
439 2462 478 2499 &
496 2461 720 2500 Acroliffum
736 2474 798 2499 ca-

154 2518 221 2567 pit,
251 2516 288 2555 &
308 2518 440 2556 multas
458 2518 670 2567 lllyriorum
688 2519 797 2556 urbes

153 2575 197 2613 in
216 2575 450 2618 deditionem
470 2575 614 2623 accipit.
646 2584 692 2617 15
707 2569 796 2631 seq.

183 2662 186 2663 .
213 2633 310 2669 Cum
329 2631 459 2676 AEtoli,
486 2632 645 2669 Romani
667 2631 702 2669 δε
722 2634 799 2670 At-

152 2688 248 2726 talus
264 2688 385 2727 foedus
394 2687 565 2727 fecissent
573 2700 701 2727 contra
711 2689 800 2727 Phi-

153 2744 297 2796 lippum
317 2744 354 2783 &
371 2747 552 2790 Achaeon
581 2746 646 2784 IX.
668 2754 747 2791 ιο,
773 2745 797 2781 6

1445 183 1535 229 409

872 286 939 347 sq.
980 293 1044 344 (ad
1062 306 1174 345 quam
1191 291 1410 334 societatem
1421 289 1536 330 etiam

885 352 1189 389 Lacedaemonios
1206 349 1412 388 invitarunt
1426 349 1535 385 AEto·

883 407 926 457 li.
952 410 1019 447 IX.
1055 416 1106 450 28
1133 403 1275 461 seqq.)
1340 403 1536 453 Philippus

885 465 1072 505 Echinum
1090 467 1235 509 urbem,
1264 475 1345 514 quae
1365 462 1408 500 in
1430 461 1536 500 AEto-

887 522 1010 561 lorum
1028 533 1106 560 erat
1125 523 1316 571 potestate,
1343 532 1536 570 oppugna-

886 578 944 617 vit
960 579 1158 630 cepitque3
1195 581 1261 617 IX.
1285 587 1331 622 41
1353 572 1439 632 fi’q.
1498 577 1537 615 δι

886 636 1036 688 Achaeis
1068 635 1222 687 aliisque
1242 634 1384 684 sociis,
1421 647 1535 683 opem

887 691 973 744 ejus
996 704 1125 732 contra
1139 694 1224 732 illos
1238 691 1536 741 implorantibus,

887 750 1036 790 strenue
1061 750 1248 800 providit.
1289 751 1335 786 X.
1372 757 1420 792 41
1445 743 1536 800 seq.

887 807 1079 859 postquam
1095 807 1222 858 Argis,
1248 805 1319 845 ubi
1340 804 1535 848 hiemavit,

889 863 1083 904 effrenatae
1092 864 1243 903 libidini
1255 861 1470 902 indulfiss‘et.
1486 863 1536 900 X.

895 922 961 959 26.

945 980 1083 1019 iterum
1101 978 1312 1016 Thermum
1328 976 1476 1015 AEtoliae
1497 973 1536 1012 &

888 1035 1079 1086 Apollinis
1115 1034 1169 1072 ibi
1198 1035 1382 1084 templum
1409 1033 1537 1072 vastat.

887 1094 954 1133 xl.
976 1102 1013 1136 4.
1073 1104 1137 1141 per
1161 1093 1299 1143 legatos
1325 1089 1384 1140 (in
1413 1087 1538 1129 conci-

889 1148 942 1190 lio
959 1145 1082 1201 nescio
1090 1159 1180 1201 quo,
1187 1143 1363 1201 fhrtaffi
1374 1143 1538 1198 Achoeo-

890 1205 1000 1252 rum)
1021 1207 1194 1250 declarat,
1221 1217 1385 1255 paratum
1402 1205 1441 1243 se
1462 1205 1536 1243 effe

830 1303 834 1306 ,
891 1265 936 1303 ad
976 1277 1107 1314 pacem
1141 1276 1229 1301 cum
1255 1263 1388 1301 AEtolis
1422 1262 1538 1313 oequis

890 1320 1169 1361 conditionibus
1205 1319 1429 1359 faciendam.
1468 1317 1561 1360 XI.¹

894 1388 932 1425 7,
964 1390 988 1426 9
1007 1372 1073 1431 sq·

946 1437 1083 1475 Pacem
1132 1447 1220 1473 cum
1267 1433 1404 1474 AEtolis
1445 1433 1539 1472 facit

887 1487 1090 1534 Phasim
1103 1491 1146 1530 in
1162 1491 1287 1541 Epiro.
1313 1486 1550 1531 Admana.

889 1547 1020 1590 XIII.
1060 1560 1094 1587 1.
1135 1546 1221 1587 coll.
1259 1550 1347 1588 XV.
1389 1559 1465 1594 23,
1498 1556 1536 1592 8.

891 1610 1016 1647 XVII.
1050 1617 1085 1651 ι,
1109 1617 1171 1651 ¹4·
1190 1615 1230 1644 n.

946 1663 1157 1704 Heraclidis
1214 1675 1328 1712 opera
1388 1661 1538 1702 elnss‘em

889 1721 1121 1761 Rhodiorum
1156 1720 1199 1759 in
1221 1719 1388 1770 ipsorum
1424 1731 1536 1772 portu

887 1779 1067 1819 incendio
1105 1777 1322 1827 corrumpit.
1356 1779 1461 1816 xm.
1498 1788 1537 1822 4,

896 1845 994 1880 1-3.
1025 1829 1078 1876 δ’
1103 1843 1190 1885 cap.
1214 1843 1252 1878 ς,
1280 1844 1385 1879 1-3.
1442 1835 1536 1874 Cre-

887 1893 1011 1932 tenses
1031 1892 1077 1930 ad
1093 1891 1251 1941 benum,
1263 1891 1347 1930 adv.
1368 1891 1539 1930 Rhodios

889 1950 1153 2003 concitaverat.
1185 1949 1290 1987 xm.
1315 1958 1355 1993 4,
1378 1959 1416 1992 2,
1439 1959 1476 1992 5,
1502 1958 1539 1987 ι.

887 2009 1036 2046 Bellum
1055 2007 1098 2045 in
1115 2005 1276 2044 Thracia
1293 2005 1400 2057 gerit.
1429 2006 1537 2044 XIII.

895 2074 958 2108 ιο,
994 2064 1096 2110 6-9.
1132 2073 1172 2101 η.

945 2120 1160 2170 Philippus,
1192 2116 1456 2170 conjuratione
1477 2118 1538 2157 fa-

890 2179 948 2218 &a
966 2190 1054 2215 cum
1079 2176 1273 2215 Antiocho
1294 2179 1349 2214 M.
1377 2176 1424 2214 de
1454 2189 1538 2226 par·

890 2235 1022 2274 tiendo
1044 2233 1238 2273 Ptolemaei
1255 2233 1457 2283 Epiphanis
1475 2247 1539 2270 re-

892 2305 979 2345 gno,
995 2291 1153 2334 Cariam,
1178 2290 1317 2328 Chium
1333 2289 1368 2326 &
1386 2293 1541 2328 Samum

892 2350 939 2387 ad
958 2349 997 2387 se
1022 2347 1129 2397 rapit.
1156 2350 1225 2386 111.
1258 2358 1294 2391 2,
1329 2354 1366 2390 8.
1384 2358 1423 2385 n.
1448 2349 1538 2386 XV.
1559 2355 1562 2358 ⁴

895 2415 960 2443 20.
1017 2404 1108 2443 licet
1126 2417 1257 2453 pacem
1281 2404 1427 2443 fecisset
1451 2416 1540 2442 cum

890 2461 1046 2506 AEtolis‚
1093 2471 1222 2500 tamen
1251 2461 1364 2500 Cium
1393 2462 1541 2504 urbem,

890 2520 1029 2558 sociam
1048 2519 1279 2562 AEtolorum,
1296 2511 1426 2568 ‘copiis
1452 2531 1541 2555 cum

890 2575 1014 2614 Prufia
1030 2587 1168 2626 genero
1186 2573 1338 2625 junffls,
1354 2585 1540 2625 expugnat

892 2633 1075 2682 capitque.
1104 2633 1191 2670 XV.
1221 2624 1379 2675 21:23.
1411 2634 1539 2669 XVII.

895 2698 934 2734 3,
963 2699 1022 2726 12.
1052 2698 1088 2731 4,
1119 2699 1157 2733 7.
1217 2689 1383 2726 Rhodios
1413 2688 1540 2725 dolosa

892 2746 1079 2797 legatione
1100 2745 1251 2797 decipit.
1261 2747 1350 2785 XV.
1364 2757 1383 2782 2
1393 2757 1428 2790 2,
1441 2755 1476 2787 ς.
1489 2738 1540 2783 8?

952 2804 1014 2841 CC
1044 2811 1064 2844 5
1473 2810 1540 2845 23,
