1722 3172
428 229 508 261 Au
538 229 749 287 rotun.
788 208 932 260 xxxx.
959 211 1003 258 6.
1031 225 1075 269 7.
1398 220 1429 267 7

159 324 162 326 .
385 313 390 317 ’
1434 293 1614 314 -

0 380 3 386 ,
73 325 159 391 quo
179 333 279 376 orbe
299 327 514 375 conclusus
536 332 582 375 δι
601 331 738 387 septus
757 330 815 373 est
833 329 885 371 ab
907 343 983 383 e0,
1013 328 1082 384 qui
1104 328 1188 384 pati
1214 340 1299 370 non
1324 327 1417 370 vult
1444 353 1541 395 vern
1559 359 1595 395 ⁸·

70 406 116 449 in
147 405 369 460 penetralia
398 406 465 446 sua
495 405 674 459 penitius
709 400 969 457 introspici.“
1013 421 1071 429 —
1132 390 1419 442 'mmmm-vs:

71 474 335 528 ἐκτέμνειθαί
343 490 433 518 τινα
450 472 761 531 Φιλανθρωπίᾳ,
778 468 1050 527 ’ἀειὶρενεβια
1067 473 1252 513 comitate
1262 485 1280 518 ;
1317 485 1418 524 non,

71 547 297 605 adjungere
306 546 405 603 fibi,
435 556 482 588 ut
502 546 762 589 casaubonus
785 546 919 586 vertit.
931 545 960 568 “
992 564 1051 575 ·—-
1107 541 1323 587 Vellemus
1345 548 1418 585 aut

71 618 269 665 R'eiskius
301 626 373 660 aut
413 619 607 661 Emestus
638 617 705 658 vel
733 618 902 658 unicum
930 615 1070 658 saltem
1100 615 1284 657 notionis
1311 613 1417 669 ejus,

73 703 171 747 quae
192 688 286 745 ipfis
306 690 462 744 placuit
480 690 609 746 verbo
630 685 877 741 ἐντέμνεοθοᾳ
896 689 1087 736 tribuere,
1107 685 1341 741 exemplum
1361 698 1416 726 ex

73 763 155 805 'alio
179 761 339 817 polybii
358 747 456 802 ioco
476 768 547 803 aut
566 756 647 802 elio
674 760 822 815 quovis
848 758 1042 814 scriptore
1065 756 1280 821 adtulisset.
1346 756 1415 799 Ab

72 832 148 875 usu
166 832 364 874 sermonis
382 831 411 872 fi
429 832 634 884 discedas,
668 830 868 872 orationis
893 830 1144 871 connexioni
1170 828 1418 871 convenien-

73 905 160 946 tior
186 903 328 958 utique
354 903 514 946 Ernesti
541 903 827 958 interpretatio
864 901 992 944 videri
1028 901 1166 943 debet.
1245 898 1420 956 Cogitet
1452 919 1476 952 ρ

75 968 263 1017 eruditus
292 972 445 1025 Ιεᾶοτ,
485 974 530 1018 &
558 974 772 1016 diffensum
799 972 1024 1030 praesertim
1047 973 1205 1014 codicis
1232 969 1451 1016 Bavarici

77 1061 102 1088 a
129 1043 311 1088 lefflone
337 1047 504 1101 vulgata
534 1045 774 1088 confideret.
843 1044 1041 1099 Suspicati
1068 1056 1232 1085 eramus
1263 1038 1421 1096 ἐξετρέ-

75 1114 213 1171 102170,
240 1117 318 1159 hac
340 1119 536 1171 notione,
568 1117 839 1167 declinarunt,
859 1114 1066 1170 sugerunt
1083 1128 1192 1165 eum,
1231 1114 1422 1167 adeoque

75 1187 321 1244 fiscanum,
366 1196 434 1249 ut,
483 1190 583 1246 quid
620 1196 815 1247 agerent,
859 1188 1008 1244 quidve
1037 1186 1306 1238 molirentur,
1350 1182 1436 1238 ill·
1460 1174 1472 1177 ⁷*

75 1274 166 1304 non
189 1261 362 1303 videret.
1374 1254 1405 1282 “⁴=

478 1386 514 1431 C
549 1387 589 1431 A
628 1387 661 1430 P
700 1385 746 1432 V
782 1386 824 1431 T
875 1385 994 1431 VII.
1025 1402 1028 1404 ’
1451 1392 1624 1438 eap.v11‚

170 1473 221 1517 V
214 1469 287 1529 ers:
312 1486 347 1517 1.
381 1471 752 1530 προσκαλεσαμένη.
810 1472 915 1516 Cum
935 1465 1305 1528 προσκαλεσάμενοι
1325 1465 1427 1510 effet
1458 1466 1552 1504 Vers·
1574 1475 1612 1506 1-v

79 1546 125 1588 in
145 1546 304 1597 msstis,
329 1547 492 1588 monuit
515 1557 754 1588 vnsmvs:
789 1545 932 1597 „Vide
951 1558 1051 1586 num
1067 1542 1222 1586 reffius
1240 1540 1287 1583 fit
1306 1553 1427 1595 προσ·

81 1614 351 1671 καλεσαμένη.
419 1617 574 1659 Pendet
600 1618 712 1658 enim
732 1617 913 1660 verbum*
925 1632 948 1658 3
968 1617 1174 1671 superiore
1190 1608 1427 1665 σύγκλητος.

83 1685 220 1732 Potest
244 1696 379 1730 tamen
403 1688 567 1730 defendi
588 1688 753 1743 antiqua
772 1685 948 1739 leffiof‘
977 1694 1037 1720 2-
1093 1688 1153 1729 At
1178 1685 1234 1727 fic
1260 1692 1428 1741 oporte-

80 1760 153 1803 bat
173 1755 370 1816 διήκουον,
399 1774 482 1801 non
506 1755 680 1815 διήκουες
709 1772 792 1814 quo
813 1765 1000 1812 retento,
1025 1757 1140 1801 recte
1159 1758 1242 1814 jam
1262 1757 1358 1799 inde
1377 1754 1428 1797 ab

82 1830 230 1878 Vrfino
248 1828 608 1886 προσκαλεσαμένη
632 1832 787 1873 editum
810 1831 878 1873 est

169 1901 285 1957 Vers.
298 1915 339 1946 2.
367 1901 537 1958 μετρίως
562 1901 659 1958 εστ-η
682 1918 748 1958 uoq
774 1901 954 1958 βέλτιον.
996 1921 1059 1934 --
1110 1926 1138 1952 ,,
1147 1900 1334 1943 placeret
1359 1912 1429 1950 με-
1460 1897 1554 1938 verr.
1571 1902 1609 1937 2·

81 1975 200 2031 τρίως
220 1973 366 2029 ἓψηῤ*
402 1975 460 2017 ait
479 1987 714 2025 vnsmv83
750 1983 873 2031 atque
894 1973 977 2028 ἔφη
995 1974 1045 2016 ad
1070 1986 1184 2015 oram
1212 1971 1337 2013 etiam
1362 1968 1430 2011 ad-

71 2044 262 2100 'scripfit‚
306 2047 415 2102 quod
448 2061 471 2087 a
505 2045 743 2088 Casaubono
770 2046 812 2087 in
848 2052 1088 2088 contextum
1118 2044 1177 2086 est
1201 2048 1432 2096 receptum,

85 2115 132 2160 &
149 2111 350 2160 servatum
371 2132 395 2158 a
410 2117 686 2171 sequentibus.
753 2117 862 2159 Hinc
881 2127 1155 2159 nmsxxvs:
1184 2111 1341 2169 Ἡὲστη
1368 2113 1431 2154 iu-

84 2188 200 2244 quit,
235 2190 345 2243 quod
365 2196 452 2229 erat
468 2189 513 2230 in
533 2187 670 2234 Vrfini
694 2190 863 2234 codice.
902 2189 951 2230 ab
980 2203 1033 2230 eo
1060 2201 1134 2243 per
1160 2199 1343 2229 errorem
1369 2183 1431 2227 est

86 2274 184 2303 cum
203 2258 286 2315 ἔφη
315 2266 532 2303 mutatum.
599 2274 763 2315 ervum,
793 2261 908 2318 stare
935 2260 1085 2302 dicitur
1105 2265 1269 2308 orator,
1301 2269 1433 2311 quum

84 2331 275 2373 secundis
286 2332 465 2373 amibus
483 2331 688 2386 excipitur
708 2333 796 2388 eJus
817 2333 975 2382 oratio,
1011 2327 1187 2383 wlstan,
1218 2324 1438 2380 ἐκπίῆειν,

85 2401 250 2455 cadere,
297 2416 425 2458 quum
459 2395 736 2458 improbatur,
780 2404 966 2458 ejicitur,
1005 2403 1255 2457 exploditur.
1326 2398 1438 2441 Item

82 2473 221 2516 fabula
238 2472 508 2530 diciturstare
525 2481 569 2516 et
587 2473 739 2517 cadere.
778 2476 858 2518 vid.
877 2472 1047 2517 Gesneri
1068 2473 1191 2518 Thes.
1206 2472 1328 2528 Ling.
1345 2470 1436 2513 Lat.

86 2542 258 2587 &infra
285 2558 326 2600 p.
346 2556 480 2599 1470,
511 2557 579 2588 22.
609 2544 840 2600 [XXXIII.
869 2557 942 2599 12,
971 2546 1039 2602 3.]
1109 2546 1314 2588 Praeterea
1341 2555 1440 2584 cum

87 2614 246 2671 linguae
271 2629 435 2671 graecae
455 2617 616 2659 ratione
644 2618 777 2673 magis
806 2618 1029 2660 conveniat
1043 2617 1096 2671 ¹h.
1114 2617 1143 2659 l.
1170 2606 1280 2663 ἕπε,
1317 2626 1442 2670 quam

87 2684 210 2740 ἔφηᾞ
244 2680 314 2728 De⁴
331 2701 376 2729 re
396 2688 478 2742 ipsa
496 2689 592 2730 vide
620 2702 662 2744 p.
685 2689 807 2732 1260.
834 2689 944 2731 fin.“
981 2711 1037 2723 —
1094 2687 1246 2732 Voluit
1271 2700 1311 2742 p.
1334 2688 1444 2735 1280

85 2756 263 2800 scribere
285 2759 349 2802 vir
376 2757 551 2810 dostus3
585 2773 736 2816 nempe
763 2763 815 2804 de
844 2761 1054 2818 superiore
1083 2759 1325 2816 Astymedis
1353 2769 1447 2798 ora-

83 2829 204 2872 tione
225 2830 321 2874 vide
343 2829 484 2875 XXX.
506 2831 567 2886 ’4,
596 2844 649 2876 10
667 2833 723 2888 sq.
778 2832 977 2877 Ceterum
993 2830 1184 2887 et2nobis
1211 2830 1355 2884 utique
1382 2841 1446 2870 re-

763 2903 807 2948 A
836 2915 866 2961 4
1279 2900 1448 2943 stituen-
