1708 3178
443 210 545 250 ''11:¹1-
586 215 1100 249 onoonm’nxcvsr.

126 325 279 368 XXIV.
300 336 347 370 4,
387 331 422 366 8.
454 335 494 364 n.
570 324 773 374 expostulat

127 396 215 421 cum
262 382 436 436 Philippo
473 381 524 419 ob
569 382 687 423 scelus
730 382 774 420 in
806 417 808 419 ,

128 440 332 561 MarJnim
361 437 605 477 commissum.
632 440 771 477 XXIII.

135 505 179 539 ¹3
232 506 252 535 e

183 554 226 591 in
252 506 406 591 {reram
435 552 532 595 abit,
571 553 613 591 δι’
637 552 772 590 arbiter

77 639 80 641 -
129 610 182 647 est
204 611 302 648 inter
321 609 484 649 Cnoffios
503 609 768 659 &Gortynios.

130 668 269 706 XXIII.
298 677 314 704 ι
327 677 363 710 ς.

71 724 190 773 Appii
237 723 383 762 Claudii
416 733 557 762 nomen
580 715 770 775 supplen-

80 809 85 811 -
129 776 225 819 dnm
241 776 476 831 putavimus
503 783 643 819 XXIV.
665 790 703 823 4,
733 787 770 821 8

127 832 197 876 ubi
213 835 301 876 vide
312 833 463 877 Aduot.

72 904 173 954 App.
191 898 385 943 Claudius
404 905 538 946 Cento,
560 903 603 940 ab
624 901 773 940 Achaeis

131 961 299 1027 postulat,
326 972 370 998 ut
394 959 461 999 fibi
499 969 607 1003 5000
633 959 751 997 milite
743 971 771 996 s

82 1036 87 1040 -
128 1018 180 1059 in:
193 1018 343 1068 Epirum
364 1018 536 1054 mittant:
563 1017 640 1060 sed,
665 1016 704 1054 id
722 1028 772 1053 ne

79 1092 86 1099 ·
130 1073 251 1119 fieret,
276 1075 399 1112 vetuit
426 1076 474 1116 Q.
498 1074 658 1112 Marcius
686 1073 771 1111 cos.

127 1144 196 1182 per
231 1131 441 1182 Polybium.
493 1133 668 1168 XXVIII.
709 1140 770 1166 11.

86 1215 87 1218 η
133 1183 308 1228 Videtur
325 1185 430 1227 idem
448 1183 519 1240 effi?
538 1183 643 1237 App
654 1182 771 1226 clau-

130 1240 245 1290 dius,
281 1255 396 1298 quom
421 1241 474 1284 ab
501 1241 664 1299 Hostilio
684 1237 771 1296 Cqs.

129 1300 175 1341 in
205 1299 279 1353 Illy
283 1301 410 1342 ricum
450 1297 603 1355 mss'um
629 1298 772 1340 Livius

122 1314 280 1412 scribit,
303 1355 373 1399 aba·
399 1355 458 1400 ad
486 1355 639 1411 Vscana
665 1357 771 1411 oppi-

131 1412 234 1457 dum
271 1413 395 1470 casus
418 1412 675 1470 fugatusque
719 1413 773 1469 est

131 1470 223 1525 qius
247 1473 461 1513 exercitus.
492 1470 583 1513 Liv.
604 1470 772 1513 XLIII.

136 1542 160 1577 9
176 1525 245 1585 sq.
290 1527 392 1570 Vide
409 1531 562 1570 Uscana.

76 1603 176 1654 App.
194 1605 367 1644 Claudius
380 1631 391 1648 ‚
418 1605 559 1656 legatus
588 1603 630 1642 in
648 1602 774 1641 Asiam

132 1657 231 1712 pacis
249 1661 515 1701 concludenda:
534 1660 649 1699 caussa
675 1661 773 1698 inter

132 1721 303 1758 Attalum
330 1720 367 1758 δε
393 1718 564 1756 Prusiam.
598 1719 773 1755 XXXIII.

140 1785 204 1821 ιι,
225 1786 261 1819 4.
299 1769 453 1829 (Nscio
478 1787 534 1817 an
560 1770 773 1815 {demeum

127 1827 370 1887 superiore)

77 1898 122 1936 C.
162 1899 336 1938 Claudius
372 1900 516 1942 Cento,
553 1898 692 1950 legatus
731 1897 774 1936 in

39 1996 43 1997 ⁷
134 1955 284 2000 Afiam,
322 1955 387 2007 qui
415 1955 577 1994 Prufiam
600 1955 774 2005 prohibe-

92 2009 98 2015 ’
133 2025 204 2058 ret,
230 2027 279 2052 ne
297 2026 384 2051 cum
403 2013 532 2051 Attalo
549 2012 692 2051 bellum.
709 2023 774 2064 ge-

135 2082 243 2108 reret.
275 2071 449 2109 XXXIII.
482 2079 516 2114 ι,
539 2081 575 2107 2.

79 2137 124 2177 C.
142 2138 314 2176 Claudius
329 2134 442 2176 Nero
462 2138 546 2176 Cos.
563 2151 650 2175 cum
664 2136 776 2175 Livio

91 2232 94 2235 ⁴
137 2196 276 2245 collega
294 2194 423 2244 prelio
447 2194 567 2232 vincit
586 2195 775 2233 Asdruba-

134 2252 234 2295 lem,
222 2251 486 2348 ‚gannibalis
514 2252 678 2291 fratrem.
707 2253 774 2289 XI.

141 2304 213 2352 1',1
321 2317 338 2352 3

65 2373 122 2411 C.
140 2372 313 2411 claudius
331 2367 518 2418 Pulcher,
537 2373 690 2419 Consul,
712 2386 775 2412 ex-

134 2429 367 2479 peditionem
387 2430 467 2467 adv.
489 2430 594 2468 Istros
612 2430 775 2480 suscipit.

133 2487 271 2524 XXVI.
304 2496 344 2534 7,
378 2496 410 2524 ι.
438 2496 477 2525 n.
545 2499 591 2524 ex
619 2501 775 2526 numero

136 2543 270 2580 decem
294 2545 510 2593 legatorum,
539 2543 581 2582 in
597 2544 775 2583 Macedo-

84 2632 95 2639 .
135 2599 237 2636 niam
273 2600 352 2648 post
404 2601 545 2638 bellum
590 2601 775 2638 Perseum

135 2656 335 2700 missorum,
363 2657 523 2695 mittitur
552 2657 596 2694 ad
623 2669 775 2708 gentem

111 2713 371 2749 mAchaeoi-um
394 2715 511 2750 XXX.
539 2723 600 2757 10,
623 2722 659 2756 8.

77 2769 134 2808 M.
153 2769 325 2808 Claudius
343 2766 563 2811 Marcellus
579 2771 664 2811 Cos.
683 2771 774 2810 Gal-

1392 206 1399 212 “
1422 201 1508 260 267

863 320 1134 359 10³·1nsubres·
1153 321 1278 372 praelio
1305 321 1424 362 vincit
1462 321 1508 361 ad

848 377 1093 423 ,Clastidium
1117 381 1165 417 11.
1187 389 1251 423 34

804 435 863 475 M.
882 435 1057 473 Claudius
1075 432 1296 475 Marcellus
1326 436 1411 475 Cos.
1439 450 1508 487 pe·

863 491 1042 529 destribus
1060 492 1176 541 copiis
1207 493 1248 531 in
1270 493 1396 532 Sicilia
1415 506 1509 543 prae-

865 548 930 586 est.
951 546 1057 586 Vni.
1078 558 1162 593 3‚7.
1202 551 1393 598 Syracusas
1411 551 1509 590 iam-

861 605 966 643 bucis
985 616 1184 656 oppugnat,
1194 608 1299 644 VIII.
1322 606 1359 644 6.
1401 607 1509 646 inani
1531 650 1533 652 ,

862 675 994 711 opera,
1044 664 1093 700 ob
1123 673 1216 701 artes
1248 663 1507 714 machinasque

860 719 1110 759 Archimedis.
1134 726 1169 761 8.
1209 719 1298 758 hinc
1316 732 1507 772 oppugna·

861 775 1007 814 tionem
1034 777 1076 815 in
1107 776 1339 814 obsidionem
1377 789 1507 822 mutat,

844 831 898 870 ’δι
917 834 1097 883 reliquam
1106 833 1271 872 Siciliam
1292 834 1452 872 infestat.
1468 846 1506 882 9.

863 885 974 941 Confi
997 890 1192 940 syracusae.

920 948 1019 984 bello
1050 947 1300 985 Hannibalico
1337 947 1510 986 incautus

863 1004 1097 1060 intercipitur
1125 1005 1170 1042 ab
1192 1004 1368 1048 hostibus,
1396 1018 1510 1043 neca-

863 1073 1008 1112 tusque.
1027 1063 1074 1099 X.
1097 1071 1160 1105 32.
1180 1055 1232 1102 Εἴ
1249 1057 1436 1114 Spicileg.
1454 1071 1509 1101 ex

835 1116 932 1157 lib.
949 1121 996 1156 X
1015 1129 1124 1158 num.
1150 1129 1183 1156 ι.
1254 1140 1259 1144 -

805 1175 863 1214 Μ.
882 1176 1056 1214 Claudius
1066 1172 1302 1222 Marcellus,
1330 1174 1428 1214 filius
1445 1176 1508 1214 su-

866 1234 1040 1283 perioris,
1092 1233 1270 1271 sauciatus
1298 1233 1340 1271 in
1369 1234 1510 1297 [πε-ΗΟ.

863 1291 909 1328 Χ.
934 1300 999 1335 32,
1021 1299 1059 1332 5.
1116 1289 1258 1333 consul,
1284 1290 1445 1328 frustra'
1434 1296 1510 1328 im*

866 1347 993 1397 pedire
1014 1358 1167 1387 conatur
1187 1359 1316 1396 pacem
1334 1347 1510 1397 Philippo

865 1418 887 1443 a
911 1407 962 1443 Τ.
991 1404 1150 1446 Quintio
1183 1403 1317 1443 datam.
1354 1405 1508 1443 XVIII.

831 1496 842 1504 .
869 1470 934 1503 25·

807 1519 864 1557 M.
892 1518 1066 1556 Claudius
1097 1514 1319 1557 Marcellus
1354 1514 1439 1557 Cos.
1466 1518 1519 1563 ins

863 1575 1056 1626 Hispania,
1082 1576 1223 1613 bellum
1233 1586 1418 1619 metuens,
1444 1575 1506 1619 ine·

863 1632 989 1671 ducias
1009 1631 1203 1681 paciscitur
1233 1645 1321 1672 cum
1340 1632 1508 1671 Celtibe-

866 1690 928 1728 ris.
956 1690 1113 1727 XXXV.
1147 1700 1184 1732 2,
1209 1699 1242 1726 1.
1302 1689 1510 1739 expeditio-

863 1760 954 1786 nem
971 1746 1120 1795 suscipit
1137 1746 1218 1784 adv.
1238 1745 1455 1790 Lusitanos,-
1469 1744 1509 1783 δε

865 1804 1151 1854 Nercobrigam
1168 1815 1235 1853 cap
1236 1803 1278 1841 it.
1320 1813 1354 1842 c.
1387 1813 1433 1846 2,
1470 1813 1507 1840 2.

865 1856 979 1957 gons
1001 1857 1172 1912 Fragm.
1191 1855 1276 1922 lust.
1296 1869 1362 1904 27.
1380 1854 1432 1900 &
1444 1854 1512 1899 ·ib‘i

909 1916 1045 1957 dnot..

807 1975 852 2014 P.
873 1975 1047 2014 Claudius
1066 1968 1238 2014 Pulcher
1249 1973 1334 2012 Cos.
1357 1973 1508 2012 adDre-
1527 2013 1530 2016 ,

864 2046 960 2084 pana
979 2044 1101 2082 pugna
1127 2031 1248 2069 navali
1274 2030 1450 2069 vincitur·
1464 2031 1512 2068 ab

865 2090 1094 2132 Adherbale,
1123 2086 1159 2124 &
1182 2096 1230 2134 93
1261 2100 1376 2126 naves
1401 2087 1510 2125 amit·-

863 2146 923 2185 tit.
951 2149 982 2185 I.
1017 2153 1173 2192 49-51.
1239 2145 1289 2182 ob
1319 2143 1509 2195 temerita-

865 2215 942 2242 tem
961 2202 997 2239 &
1012 2201 1300 2252 imprudentiam
1309 2202 1436 2239 Romae
1449 2200 1510 2238 in-

867 2259 999 2304 famis.
1044 2257 1080 2296 &
1116 2258 1272 2310 graviter
1321 2257 1510 2306 multatus.

870 2326 937 2359 52.

810 2375 875 2415 Ti.
905 2371 1090 2412 Claudius.
1166 2366 1237 2410 Sic
1262 2365 1357 2409 libri
1390 2366 1513 2420 Poly-

826 2450 831 2453 ·
867 2428 978 2470 biani
1000 2425 1155 2468 dabant
1184 2438 1322 2472 nomen
1350 2427 1460 2464 unius
1490 2439 1514 2463 e

867 2487 995 2539 legatis
1008 2487 1261 2524 Romanorum
1278 2483 1511 2523 inGraeciam

844 2543 999 2586 *missiffi
1043 2542 1108 2593 qui
1136 2541 1182 2580 de
1212 2542 1321 2580 rebus
1349 2539 1513 2588 Philippi

865 2599 1153 2651 cognoscerent;
1212 2599 1351 2636 XXIII.
1386 2598 1432 2641 6,
1473 2597 1511 2634 6.

864 2653 934 2696 ubi
948 2665 1000 2694 ex
1011 2651 1127 2694 Livio
1141 2650 1308 2707 Vrsinus
1322 2651 1393 2694 Ti.
1405 2656 1512 2692 Sem·

869 2713 1044 2764 pronium
1055 2707 1274 2766 substituit.

809 2770 875 2810 Ti.
906 2765 1106 2811 Claudius
1131 2768 1173 2808 ὅτ
1202 2770 1256 2809 A.
1283 2763 1514 2831 Postumius

1356 2824 1512 2862 mittun-
