1708 3178
169 181 255 234 238

224 298 419 348 argentum
443 306 612 348 quaerunt
639 298 778 338 milites
796 284 874 338 iio·

226 351 349 398 mani,
377 355 464 406 igne
498 354 563 405 ipsi
591 356 873 396 consumuntur.

158 460 162 463 Ι
226 411 290 450 XI.
316 423 382 456 24,
414 421 477 450 ιι.

168 469 388 520 Astrologiae
406 467 541 507 notitia
558 463 725 520 quiedam
742 469 873 508 neces-

224 527 317 568 saria
332 526 558 576 imperatori.
569 529 634 565 IX.
653 535 714 570 14,
737 535 773 568 5.
806 536 872 570 πο,

229 593 267 627 ς.
325 581 411 635 ejus
454 582 602 621 inscitia
635 583 773 621 damno
799 584 874 622 suit

225 639 348 682 Niciae
365 640 587 679 Athenienfi
603 641 650 683 ad
669 642 877 691 Syracusas.

150 706 155 717 “
225 700 291 738 ῘΧ.
314 708 378 745 19,
407 707 422 733 1
443 692 536 751 sqq.

168 756 415 807 Astymedes,
447 754 639 799 Rhodius,
680 767 768 793 cum
797 754 874 793 Ro-

540 227 547 230 „
586 186 781 226 ncnnx
821 180 1214 228 urs-ronrevs'

966 300 1110 340 xvm.
1143 311 1206 348 19,
1237 312 1273 347 4.
1302 311 1343 341 n.
1399 316 1531 344 comm
1549 317 1616 345 rex

965 359 1224 408 Amynander.
1248 401 1249 404 Ἰ
1270 355 1362 399 vide
1394 356 1474 413 suo
1509 360 1613 409 joco.

966 427 1099 453 eorum
1135 428 1217 466 pars
1245 430 1333 454 cum
1364 419 1612 470 Amynandro

967 485 1001 510 a·
1017 471 1194 510 Romanis
1232 474 1278 511 ad
1301 472 1447 515 AEcolos
1472 477 1623 520 deficit..

965 529 1048 566 XX.
1078 538 1141 573 10,
1173 538 1211 571 5.
1269 532 1537 572 Athamaniam
1565 534 1613 572 ab

921 590 940 606 ‘⁷
967 586 1103 624 AEtolis
1140 585 1206 624 fibi
1243 601 1409 638 ereptam
1448 590 1615 641 queritur

967 643 1172 694 Philippus.
1189 645 1309 682 XXII.
1336 655 1398 690 14,
1431 658 1469 692 4.
1508 642 1613 700 confi

967 701 1087 738 xxu.
1149 707 1198 744 8,
1256 711 1290 739 ι.
1353 700 1458 742 adde
1518 700 1615 749 Liv.

967 752 1232 797 XXXVIII.
1277 769 1291 794 ι
1309 781 1325 789 -
1339 769 1375 803 3.

227 812 346 855 manis
370 812 588 860 faciendum
617 813 746 850 censet
773 813 874 850 bello
909 814 1141 853 Athamanes
1171 816 1267 866 apud
1287 817 1475 856 Romanos
1501 826 1612 868 repe·

226 869 384 910 Perfice.
413 870 574 908 xxvu.
605 868 651 913 6,
683 879 718 913 3.
798 870 874 907 Ro-

225 941 328 967 mam
355 929 498 979 legatus
525 927 570 964 ad
602 926 882 977 deprecandam

225 986 481 1024 Romanorum
505 984 599 1022 iram
625 984 706 1034 post
733 985 874 1022 bellum

224 1042 422 1081 Perficum.
448 1042 569 1079 XXX.
601 1053 623 1086 4
639 1035 727 1094 fiq.
754 1051 816 1089 19,
847 1051 870 1086 4

967 883 1054 909 tunt
1072 874 1195 917 urbes,
1222 873 1425 924 aPhiiippo
1443 889 1508 924 per
1530 877 1612 915 bel-

966 930 1048 968 lum
1087 930 1357 970 Antiochicun
1391 931 1478 982 ipfis
1527 946 1613 972 ere-

966 998 1059 1036 ptaS.
1095 989 1233 1026 XXIII.
1268 987 1307 1032 6,
1343 998 1380 1034 3.
1404 989 1546 1030 XXIV.
1571 999 1612 1035 ι,

974 1053 1038 1082 10·

213 1095 283 1154 sq.
338 1097 422 1150 ejus
450 1100 660 1140 orationem
688 1101 875 1149 improbat
908 1102 1095 1144 Athena-3
1124 1101 1397 1146 Athenienses3
1425 1102 1566 1141 Attica.

225 1157 418 1208 Polybius.
446 1166 533 1208 cap.
561 1166 599 1200 4,
625 1165 675 1193 ιο
691 1151 788 1211 sqq.

282 1214 421 1253 iterum
442 1215 600 1252 Romam
621 1215 774 1265 legatus,
799 1213 872 1252 im·

225 1284 346 1325 petrat
370 1272 523 1310 tandem
550 1272 766 1310 societatem
795 1272 871 1310 Ro·

224 1342 432 1369 manorum.
449 1331 587 1368 XXXI.
607 1328 645 1373 6,
668 1340 700 1368 ι.
722 1325 774 1370 [⁶9³
785 1339 872 1380 cap.

227 1397 265 1434 7.
323 1387 444 1426 rursus
468 1388 628 1426 Romam
648 1387 804 1439 legatus.
824 1386 874 1426 de

225 1446 325 1485 bello
341 1445 502 1484 Cretico.
532 1445 708 1483 xxxm.
735 1446 815 1491 ‘1⁴'³
847 1453 866 1489 2

162 1498 340 1612 At'ssyrii
355 1557 454 1597 Iovis
479 1559 667 1609 templum
685 1558 872 1610 Agrigen-

223 1618 268 1663 ti,
299 1616 393 1656 ficut
409 1614 544 1654 Rhodi.
576 1617 640 1654 IX.
664 1625 729 1661 27,
750 1624 787 1658 8.

164 1676 414 1727 Atabyrium,
448 1667 719 1727 ’Λταβῦριον,
762 1674 870 1723 oppi-

221 1733 314 1772 dum
331 1733 374 1771 in
386 1743 516 1770 monte
534 1731 756 1782 Coelesyriae,
770 1728 870 1781 (Ga-

163 1839 166 1841 ,
221 1787 344 1839 lileoe)
359 1788 467 1830 alias
486 1785 648 1828 Thabor
659 1784 712 1830 89²
728 1784 870 1839 Itaby-

220 1846 380 1891 ricum‚·
421 1858 572 1897 captum
603 1848 646 1884 ab
673 1846 870 1885 Antiocho

221 1907 375 1957 Magno.
394 1907 447 1943 V.
468 1914 534 1949 70,
557 1903 581 1940 6
596 1899 687 1957 sqq.
710 1913 752 1943 n.
807 1910 809 1912 ·

163 1964 303 2007 Atella,
320 1955 529 2009 ’'Arsa-hh,
557 1963 644 2001 urbs
662 1961 869 2010 Opicorum

218 2021 355 2064 staliae,
383 2019 483 2060 inter
509 2020 674 2069 Capuam
701 2017 738 2055 &
764 2020 867 2057 Nea·

219 2078 351 2128 polim.
428 2077 619 2122 Atellani,
662 2070 868 2116 'Arama-

220 2131 296 2183 vos',
322 2134 501 2173 Romanis
534 2135 572 2174 se
600 2133 764 2174 tradunt.
798 2135 867 2172 1x.

223 2203 292 2238 45,
313 2201 348 2236 3·

160 2244 282 2289 Ates.
319 2245 390 2288 Sic
410 2258 628 2302 perperam
647 2246 771 2302 vulgo
788 2244 868 2288 edi-

218 2310 309 2347 tum
328 2309 443 2355 erat,
468 2317 542 2360 pro
560 2310 659 2358 Atys
682 2305 748 2347 ve!
767 2306 867 2351 Atis,

219 2365 322 2417 quod
336 2362 438 2406 vide.

160 2422 408 2467 Athamania,
443 2416 708 2470 ’Δθαμανίση
735 2420 866 2461 Mace-

218 2480 342 2518 doniae
369 2478 540 2518 finitima.
567 2480 711 2518 xvm.
744 2487 808 2526 19,
826 2490 866 2524 ⁴·

218 2550 304 2576 eam
350 2538 490 2576 adeunt
537 2535 651 2587 legati
691 2535 865 2581 Romani,

218 2608 306 2633 cum
324 2594 570 2644 Amynandro
588 2593 701 2632 asturi
717 2592 767 2631 de
782 2591 864 2634 bel,-

215 2653 255 2694 lo
283 2651 457 2701 Philippo
497 2651 710 2690 inferendo.
756 2651 867 2689 XVI.

218 2718 286 2755 27»
310 2718 348 2753 4·

262 2766 504 2810 ,Athamanes
522 2791 534 2808 ,
599 2757 862 2813 Ἀθαμίνεε.

1024 1159 1070 1197 ad
1093 1160 1347 1197 Athenienses
1381 1159 1611 1212 legationem

966 1217 1123 1256 mittunt
1144 1217 1303 1254 Romani
1321 1218 1401 1267 post
1417 1216 1613 1258 viam-iam

965 1275 1012 1314 de
1031 1274 1166 1325 Illyriis
1186 1285 1337 1323 partam.
1359 1277 1407 1313 11.
1433 1283 1495 1319 ¹2,
1514 1281 1552 1317 8.

1014 1333 1187 1371 Attalum
1197 1344 1282 1368 cum
1292 1331 1471 1370 Romanis
1479 1332 1614 1384 legatis

965 1402 1097 1441 magna
1106 1402 1241 1438 pompa
1249 1389 1501 1428 Athenienses
1510 1389 1610 1429 reci*

963 1447 1074 1497 piunt
1104 1460 1170 1495 per
1196 1446 1380 1498 Dipylum
1404 1445 1610 1488 intrantem

962 1504 1006 1542 in
1029 1504 1174 1547 urbem,
1203 1501 1239 1540 &
1256 1503 1397 1542 tribum
1415 1503 1463 1542 de
1483 1503 1612 1544 nomi>

962 1575 1013 1600 ne
1039 1560 1123 1612 ejus
1148 1572 1377 1610 nuncupant.
1407 1562 1511 1599 XVI.
1541 1570 1609 1604 25.

960 1618 1196 1658 hortantibus
1223 1618 1407 1657 Romanis
1424 1618 1460 1656 ὃς
1478 1619 1610 1656 Attalo

962 1673 1205 1725 Rhodiisque,
1216 1675 1359 1713 bellum
1378 1686 1507 1713 contra
1515 1676 1608 1714 Phi-

957 1732 1106 1783 lippum
1135 1733 1353 1771 decernunt.
1382 1732 1447 1769 26.
1502 1732 1612 1771 Atti-

962 1804 1046 1828 cam
1062 1790 1176 1827 vastat
1194 1789 1385 1835 Nicanor,
1412 1789 1488 1828 dux
1511 1789 1604 1829 Phi·
1655 1841 1658 1844 ἱ

962 1848 1069 1898 lippi.
1098 1857 1163 1892 27,
1191 1857 1224 1884 ι.

1017 1904 1271 1944 Athenienses
1297 1903 1394 1954 apud
1412 1903 1609 1956 Scipione}

962 1976 1028 2014 per
1044 1964 1183 2013 legatos
1204 1961 1442 2000 intercedunt
1458 1975 1524 2011 pro
1537 1958 1605 1999 Ε-

959 2021 1061 2059 tolis.
1081 2021 1181 2057 XXI.
1201 2030 1223 2056 2
1239 2013 1326 2072 seq.
1342 2018 1475 2057 nasus.
1484 2018 1607 2059 xxm

964 2084 1003 2122 ε,
1034 2070 1268 2130 10.&cap.
1295 2085 1390 2120 ιαμ
1413 2069 1465 2117 6!
1486 2084 1626 2123 9³3·-

964 2145 1002 2181 7.
1038 2144 1052 2170 ι
1065 2145 1085 2179 4
1115 2135 1213 2173 toto.
1265 2132 1427 2172 Euclide
1462 2130 1500 2171 δε
1525 2132 1605 2171 Mi-

959 2192 1092 2244 cyonis
1108 2190 1262 2230 consilio
1280 2190 1387 2235 resti,
1410 2189 1517 2233 omni
1535 2202 1606 2228 cu-

959 2263 999 2288 ra
1042 2248 1188 2287 honesti
1225 2245 1369 2299 abjesta
1382 2274 1395 2293 ,
1445 2244 1605 2297 turpiter

959 2306 1201 2346 blandiuntur
1222 2306 1391 2357 regibus,
1419 2302 1456 2344 δι
1483 2303 1606 2355 inps-ia

960 2364 1032 2403 mis
1047 2364 1251 2403 Ptolemaeo
1277 2361 1517 2411 Philopatori.
1548 2362 1603 2399 V.

966 2421 1043 2458 106
1056 2448 1068 2466 ,
1111 2424 1133 2466 7
1170 2415 1235 2474 sq.
1294 2419 1522 2471 legationem
1558 2417 1605 2460 in

957 2479 1165 2530 AEgyptum
1191 2477 1238 2516 ad
1258 2476 1504 2517 Ptolemaeum
1536 2475 1603 2524 (50

958 2531 1269 2576 Philometorem
1282 2544 1318 2573 s.
1336 2527 1602 2584 Physconem)

956 2594 1134 2637 mittunt,
1158 2592 1206 2630 de
1232 2585 1356 2643 nescio
1381 2599 1463 2644 qua
1484 2589 1603 2629 dona-

954 2652 1075 2694 tione,
1095 2648 1133 2688 &
1151 2650 1240 2687 duas
1251 2649 1366 2687 sacras
1380 2646 1604 2698 legationes.

954 2700 1132 2747 XXVIII.
1159 2706 1221 2749 16,
1249 2715 1287 2750 4.
1343 2698 1600 2758 nescioquem

953 2776 1099 2804 morem
1129 2762 1310 2804 continuo
1338 2763 1495 2814 servant.
1532 2761 1598 2801 IX.

1531 2826 1603 2862 405
