1734 3184
124 312 308 321 β...-

130 339 235 388 Vers.
257 361 289 387 2.

327 209 407 258 18³
485 251 487 254 ,
755 220 1248 254 Aonornrxomrs
1311 232 1316 237 »

325 321 470 377 Polyb.
501 336 536 364 c.
557 320 620 376 7.]
675 319 770 364 -Sed
802 336 854 363 ex
881 320 947 364 his
978 323 1111 366 verbis
1142 324 1256 380 nego
1285 324 1327 367 id
1354 325 1569 382 consequi,
1599 326 1698 388 Po-'r

324 393 488 447 lybium
513 394 811 448 expugnationi
830 392 1069 443 interfuisse,
1100 395 1165 437 sed
1185 403 1343 439 tantum
1363 397 1451 452 post
1467 413 1677 454 expugna-

325 465 484 507 tionem
505 463 786 518 superveniffe.
857 463 1009 519 Neque·
1035 466 1145 508 enim
1181 467 1376 510 credibile
1403 468 1484 519 est,
1521 470 1677 512 milites
1718 481 1721 486 ¹

302 572 306 576 .
325 529 538 579 Romanos
557 537 666 577 inter
684 536 795 577 urbis
816 544 948 590 captae
969 538 1175 580 excidium
1193 538 1278 580 alea
1299 537 1439 588 lufisse,
1469 552 1554 596 quo
1574 549 1677 583 tem.

325 621 430 663 pore
450 607 638 651 militaris
663 606 870 662 disciplina
901 605 1052 650 arftius
1080 609 1273 651 custodiri
1300 609 1436 653 debet.
1494 610 1695 663 Deinde,·

327 678 421 735 quis
439 681 599 729 credat,
641 677 884 732 Polybium,
921 692 969 720 ea
989 679 1182 735 sapientia
1201 680 1441 739 hominem,
1479 697 1610 738 eaque
1634 683 1679 726 in

327 751 500 806 patriam
523 750 715 797 caritate,
747 747 1015 806 spefiiatorem
1035 738 1352 806 expugnationis
1373 753 1454 795 effe
1475 752 1682 796 voluiffe?

326 817 454 864 stabat
483 823 595 864 enim
629 836 652 862 a
680 830 794 875 parte
823 821 966 875 populi
999 823 1186 865 Romani.
1272 821 1427 866 Verius
1464 825 1523 871 est
1549 826 1683 880 igitur.

329 895 441 948 quod
465 894 573 940 dixi,
614 886 831 947 Polybium
853 893 1011 936 scilieet
1031 895 1122 950 post
1139 895 1328 950 Corinthi
1349 898 1556 939 excidium
1573 898 1680 939 cele-

326 965 428 1007 riter
445 978 497 1006 ex
517 963 662 1007 Africa
680 962 901 1012 advolasse,
940 972 987 1007 ut
1015 980 1142 1021 opem
1166 968 1342 1022 aliquam
1371 965 1513 1011 ruenti
1533 970 1680 1023 patriae

327 1036 507 1079 afferret.
565 1036 713 1078 Audeo
741 1036 851 1077 enim
875 1037 928 1078 de
951 1037 1112 1094 polybii
1133 1032 1375 1082 auctoritate
1398 1039 1439 1082 id
1462 1026 1680 1093 affirnsare,

325 1106 470 1150 stante
489 1108 839 1167 expugnationem
859 1108 1067 1159 adfuiss'et,
1102 1123 1186 1153 non
1214 1095 1265 1151 in*
1287 1117 1442 1154 tantam
1473 1111 1680 1155 calamita-

326 1185 414 1221 tem
433 1178 679 1222 Corinthum
699 1187 913 1222 venturam
931 1179 1062 1222 fuifl‘e.
1129 1180 1310 1224 Accedit
1336 1181 1381 1225 &
1407 1181 1581 1226 Orofius·
1606 1175 1689 1234 lib}

328 1249 381 1294 V.
403 1247 529 1304 [c.3‚]
551 1252 620 1306 qui
639 1250 787 1293 diserte
811 1251 948 1294 scribit
973 1266 1025 1293 ex
1053 1251 1107 1294 T.
1134 1246 1275 1308 Livio,
1316 1259 1364 1297 ut
1392 1254 1517 1307 solet,
1539 1254 1681 1312 Poly.

326 1322 441 1366 bium
462 1330 549 1364 tum
577 1323 628 1366 ad
658 1321 948 1378 Carthaginem
976 1323 1114 1374 fuiffe,
1156 1339 1252 1367 cum
1281 1325 1426 1368 Diaeus
1454 1341 1477 1368 a
1505 1326 1679 1369 Metello

327 1394 388 1436 est
415 1392 618 1436 devictus.
702 1392 774 1438 Est
797 1393 842 1437 δι
873 1394 980 1436 alius
1009 1394 1126 1438 error
1154 1396 1195 1438 in
1228 1395 1512 1454 chronologia
1535 1392 1680 1440 Casuu-

326 1464 446 1516 boni,
475 1468 545 1521 qui
568 1463 758 1507 Corinthi
776 1466 986 1508 excidium
1005 1467 1168 1510 confert
1187 1468 1230 1509 in
1251 1469 1504 1512 consulatum
1526 1469 1580 1521 Q.
1600 1469 1634 1512 F
1634 1475 1692 1513 a-'-

326 1535 384 1578 bii
404 1535 451 1579 ὅτ
466 1537 631 1580 Hostilii
650 1536 852 1580 Mancini:
882 1550 978 1592 quae
996 1537 1195 1581 sententia
1223 1539 1325 1582 licet
1349 1539 1482 1582 Plinio
1507 1538 1679 1584 auctore

325 1604 538 1664 firmetur,
566 1609 701 1663 magis
725 1615 865 1650 tamen
885 1609 1028 1664 placet
1043 1610 1192 1666 Velleji
1209 1609 1252 1652 δι
1274 1610 1408 1653 Orofii
1429 1614 1594 1667 opinio,
1622 1613 1683 1657 ob

327 1679 555 1722 mirabilem
575 1682 816 1724 concursum
838 1683 987 1724 excidii
1007 1683 1180 1726 duarum
1199 1683 1469 1726 maximarum
1500 1685 1684 1728 urbium.-

278 1788 280 1790 ,
325 1749 505 1793 Accedit
524 1754 636 1807 quod
654 1751 699 1797 ὅτ
722 1754 877 1796 Plinius
902 1755 1008 1798 hanc
1035 1755 1212 1797 nostram
1239 1754 1481 1797 sententiam
1509 1763 1677 1799 tuetur:

329 1818 564 1874 [XXXIV.
591 1836 639 1873 2,
675 1821 742 1878 3.]
778 1838 872 1866 nam
898 1824 1145 1868 Corinthum
1172 1825 1233 1882 ait
1256 1834 1415 1880 captam
1445 1825 1525 1868 effe
1553 1826 1678 1891 Vrbis

325 1906 435 1934 anno
450 1892 550 1946 608.
567 1896 610 1936 in
631 1908 755 1951 quem
775 1909 926 1938 annum
948 1910 999 1939 ex
1020 1897 1307 1952 supputatione
1318 1896 1540 1947 Varronis‚'
1554 1912 1678 1955 quam

324 1963 511 2018 sequitur-
531 1966 683 2022 ubique
707 1967 863 2009 Plinius
885 1967 996 2010 cadit
1026 1968 1259 2012 consulatus
1286 1969 1449 2026 Lentuli
1474 1969 1519 2015 δε
1545 1969 1679 2013 Mum:

304 2035 452 2082 Amiiff‘
493 2050 748 2086 yALEslvs.
786 2059 845 2069 —-·
905 2039 944 2082 A
969 2040 1172 2082 Mummio
1191 2039 1367 2086 Consule
1392 2030 1568 2084 excisam
1592 2039 1678 2084 effe

327 2105 595 2157 Corinthum,
639 2109 831 2152 auctores
858 2110 1119 2154 consentiunt
1145 2125 1305 2154 omnes.
1360 2094 1429 2155 ‘At
1454 2113 1496 2155 id
1519 2126 1603 2155 non
1620 2102 1678 2155 fa'-

326 2176 440 2222 ftum
463 2180 522 2222 est
541 2181 609 2224 sub
632 2181 794 2222 initium
815 2182 902 2237 ejus
925 2182 1042 2232 anni,
1074 2195 1156 2238 quo
1178 2183 1431 2228 consulatum
1452 2183 1690 2227 Mummius·
1709 2215 1713 2219 ·

303 2248 306 2254 ’
327 2250 471 2306 gesfit,
501 2253 678 2307 quierat
701 2266 832 2294 annus
853 2254 902 2295 ab
925 2253 978 2298 V.
998 2255 1045 2297 C.
1064 2253 1172 2304 608:
1208 2268 1303 2296 nam
1329 2244 1390 2295 ex'
1409 2268 1493 2310 quo
1519 2269 1678 2311 cogno-

326 2329 444 2365 verat
483 2323 674 2366 Metellus
692 2354 704 2371 ,
755 2323 1011 2368 Macedoniae
1052 2334 1208 2380 praetor
1225 2353 1237 2373 ‚
1289 2327 1491 2368 Mummio
1521 2325 1679 2369 consuli

326 2393 561 2437 Achaicum
583 2395 733 2436 bellum
757 2394 838 2437 esse
857 2397 1094 2451 decretum,
1123 2398 1322 2439 continuo
1345 2397 1429 2454 ipse
1446 2396 1566 2440 initio
1586 2396 1677 2452 ejus

327 2467 422 2507 anni
442 2465 567 2508 finem
593 2466 810 2520 imponere
829 2467 939 2508 bello
960 2469 1222 2523 properavit3
1253 2482 1432 2524 moxque
1454 2465 1566 2510 visto
1583 2481 1677 2523 pro·

327 2549 380 2590 pe
410 2536 717 2592 Thermopylas
745 2537 951 2589 Critolao,
991 2538 1036 2581 &
1064 2540 1233 2595 reliquis
1262 2540 1515 2582 Achaeorum
1543 2540 1678 2594 copiis

326 2609 370 2650 in
395 2607 574 2650 Phocide
596 2607 732 2659 caefis,
765 2617 855 2651 tum
875 2611 1008 2664 captis
1023 2610 1179 2653 Thebis
1201 2611 1476 2667 Megarisque,
1511 2614 1562 2656 ad
1577 2612 1678 2657 Isth-

330 2692 444 2720 mum
474 2681 701 2722 contendit.
767 2680 874 2723 Vide
902 2682 1065 2723 Pausan.
1094 2681 1377 2736 VII.*cap.14
1396 2693 1499 2727 extr.
1531 2683 1575 2727 ἀ
1597 2684 1678 2740 seq.

328 2747 392 2790 lbi
413 2757 501 2798 tum
520 2752 686 2794 demum
712 2752 934 2794 Mummius
954 2750 1103 2795 consul
1126 2751 1374 2807 supervenit;
1400 2756 1494 2810 qui,
1524 2762 1573 2798 ut
1592 2756 1682 2811 qui·

330 2821 426 2865 dem
449 2821 661 2864 Pausanias
683 2822 779 2867 VlI.
815 2822 879 2867 16.
908 2823 1062 2877 refert,
1099 2831 1214 2874 (curn
1242 2838 1326 2880 quo
1359 2825 1563 2870 consentit
1589 2827 1679 2870 Liv.

1564 2897 1678 2955 Epi«.
