1708 3178
216 199 302 254 ab

273 312 490 369 Integrum
527 327 623 357 vero
663 328 804 357 nomen
843 310 924 357 Πό-

276 373 397 419 πλιος
415 369 632 427 Κορνήλιος
654 376 837 415 Σκιπίων
855 385 923 413 ex-

266 429 357 487 stat
382 434 522 471 XXIV.
561 443 607 479 9,
645 443 682 478 7.
751 433 924 471 Africani

277 499 493 542 cognomen
544 486 591 528 de
625 484 698 528 hoc
748 490 924 539 Scipione

281 557 483 600 nusquam
493 543 606 599 apud
613 543 806 600 Nostrum
825 557 925 585 com-

282 607 535 644 memoratur
543 616 561 647 ;
593 598 669 654 sed
692 602 728 643 ei
752 603 926 657 ‹equiva-

283 661 339 711 tet
358 666 453 701 nota
482 657 640 713 adjeffa
666 663 753 709 XV.
789 672 851 705 35,
889 662 925 699 6.

284 730 422 770 nempe
456 711 638 763 Πόπλιος
687 719 870 758 Σκιπίων
904 712 927 758 ὅ

286 773 450 830 πρῶτος
462 769 813 828 καταπολεμήσας
826 776 927 829 Καρ·

284 833 522 887 χηδονίους;
559 843 641 887 qua
677 837 773 872 nota
807 833 930 872 etiam

283 888 577 946 quodammodo
607 901 822 943 cognomen
846 894 929 930 Ma·

283 949 378 1002 joris
405 960 440 989 s.
459 950 654 999 superioris
682 947 931 988 continetur:
967 979 981 983 -.

282 1005 393 1048 alias
411 1018 506 1060 vero
523 1001 600 1058 suo
611 1002 794 1059 sermone
812 1003 930 1057 Poly-

285 1061 377 1105 bius
399 1075 477 1104 non
502 1062 716 1115 Majmem,
741 1058 820 1117 sed
845 1066 928 1102 Ma-

284 1135 415 1175 gnum,
440 1115 515 1164 τδν
545 1122 704 1169 Μέγαν,
735 1122 930 1172 cognomi-

286 1191 418 1219 natum
436 1178 510 1226 ait,
530 1189 598 1218 nec
616 1173 773 1228 diversa
796 1182 929 1217 tamen

264 1280 266 1282 ,
288 1239 354 1288 (ut
369 1233 547 1291 videtur)
551 1231 765 1286 finientia.
785 1238 917 1274 XVIII
921 1265 929 1273 .

216 1310 255 1345 Q·
292 1303 357 1340 18,
380 1306 416 1342 9.
433 1305 473 1334 n.
492 1296 649 1332 XXXII.
677 1304 739 1338 12,
758 1304 789 1330 1.
816 1303 876 1336 13,
894 1304 927 1330 1.

345 1349 394 1392 de
421 1350 504 1403 ejus
533 1352 685 1403 ingenio
705 1350 741 1388 δι’
761 1350 928 1388 instituto

236 1425 239 1429 ,
260 1456 262 1458 ,
286 1421 340 1450 ex
355 1403 525 1462 profeſjb
552 1407 645 1460 agit
665 1405 858 1459 Polybius
882 1409 928 1444 X.

291 1480 313 1506 2
323 1462 437 1521 fiqq.
497 1480 576 1504 non
596 1466 689 1504 felix
706 1467 826 1504 solum
843 1464 928 1508 fuit,

285 1537 329 1564 ut
357 1526 470 1576 vulgo
497 1524 645 1568 ferunt,
689 1523 754 1561 sed
777 1521 813 1560 δι
841 1535 928 1572 pru·
987 1544 989 1547 <

286 1584 393 1622 dens.
423 1584 470 1619 X.
503 1593 548 1625 2,
578 1591 678 1626 5-7.
750 1580 926 1628 liberalis,

286 1638 519 1692 magnificuS,
546 1639 664 1689 sagax,
693 1637 848 1683 sobrius.
877 1639 925 1673 X.
969 1660 972 1664 -

235 1740 237 1743 ,
290 1708 326 1743 3,
354 1708 387 1734 1.
444 1696 574 1739 comis,
595 1695 774 1738 blandus,
800 1694 926 1732 simul-

284 1769 357 1807 que
380 1753 588 1793 industrius.
624 1763 660 1799 5,
687 1763 704 1795 5
725 1747 815 1805 sqq.
840 1761 876 1796 7,
905 1761 917 1785 1

275 1809 367 1867 sqq.
433 1810 583 1849 consilia
612 1811 698 1854 sua,
736 1810 802 1847 ubi
834 1821 926 1858 opus
958 1815 960 1818 ’

275 1881 376 1914 erat,
404 1880 545 1919 tegens.
568 1879 606 1914 9,
638 1879 670 1904 1.
728 1866 842 1911 Quod
867 1866 924 1902 di-

283 1927 376 1966 vino
395 1925 524 1977 spiritu
546 1924 593 1964 se,
613 1924 787 1962 adflatum
814 1923 924 1960 fimu-

238 2008 243 2011 -
285 1984 397 2029 lavit,⁴
418 1982 536 2020 ‘fimile
547 1981 623 2020 fuit
639 1981 800 2031 Lycurgi
820 1980 923 2018 insti-

283 2051 419 2081 tutum.
440 2041 486 2077 X.
510 2050 546 2084 2,
573 2046 593 2080 8
612 2033 706 2092 sqq.
725 2032 776 2078 f&
794 2047 877 2089 cap.
898 2047 920 2081 4

273 2092 508 2207 seq.sconf.
537 2106 569 2136 c.
601 2106 674 2140 ιι,
709 2104 729 2141 7
760 2089 826 2148 sq.
863 2104 926 2139 14,

291 2168 305 2193 ι
321 2167 334 2192 1
388 2165 426 2207 q.

339 2223 491 2264 juvcnis
520 2220 662 2258 patrem
687 2210 864 2253 servavit,
888 2206 926 2246 δε

248 2300 259 2308 .
282 2274 329 2312 ab
347 2283 392 2314 eo
408 2271 580 2306 Servatur
600 2266 652 2303 est
675 2267 858 2304 salutatus.
876 2268 922 2304 X.

286 2341 322 2375 3.
364 2325 480 2364 aedilis
513 2334 656 2362 creatur
679 2321 831 2374 juvenis
859 2323 924 2360 ad-

253 2391 255 2393 '
279 2385 448 2428 modum,
480 2381 586 2433 fimul
604 2392 691 2418 cum
720 2381 843 2418 fratre.
873 2382 922 2418 X.

230 2500 235 2504 ,
281 2439 410 2496 ⁴fiffl
803 2453 853 2501 ,·

236 2499 252 2541 ,’
335 2510 451 2539 annos
476 2507 583 2534 natus
603 2495 771 2538 XXVII,
800 2508 919 2543 impc-

275 2569 373 2597 rator
391 2554 434 2601 in
450 2552 668 2601 Hispaniam
686 2551 820 2595 missus,
836 2553 919 2589 No-

274 2628 360 2653 vam
371 2610 631 2660 Carthaginem
652 2620 840 2659 oppugnat
856 2622 915 2645 ca·

226 2674 230 2678 “
272 2672 414 2723 pieque.
443 2669 492 2704 X.
526 2666 657 2702 6-20.
723 2665 916 2703 confilium

270 2728 381 2768 suu'm
423 2725 467 2763 in
515 2722 759 2774 oppugnanda
803 2723 913 2760 Nova

267 2785 394 2828 Carth.
421 2779 589 2832 exposuit
621 2780 662 2819 in
685 2779 843 2831 Epistola
868 2779 912 2817 ad

1003 2780 1058 2817 cis
1081 2780 1116 2819 &
1131 2779 1347 2819 Asdrubalis
1376 2779 1487 2819 castxa
1510 2779 1644 2818 incen-

630 213 830 245 naennx
872 201 1256 246 zus‘ro'iucvs

1017 318 1233 368 Philippum
1246 326 1378 372 'regem
1394 319 1538 372 scripta.
1558 323 1605 362 X.
1628 334 1667 371 9,

1023 385 1058 420 3.
1085 376 1272 419 *obsidum
1292 378 1558 427 Hispanorum,
1577 383 1667 419 Car-

1016 433 1167 485 thagine
1195 446 1408 483 captorum,
1447 435 1668 488 singularem

1019 503 1146 528 curam
1174 492 1296 530 habet.
1329 493 1376 530 X.
1412 503 1425 528 ι
1438 498 1478 534 8.“
1541 495 1666 533 conti-

1020 548 1159 586 nentiae
1170 549 1360 599 egregium
1368 549 1559 598 specimen
1566 552 1664 589 edit.

1027 617 1040 640 1
1053 616 1089 651 9.
1149 606 1391 643 nobiliffimos
1413 607 1585 656 captivos·
1599 622 1666 659 per

1016 662 1175 700 Laelium
1199 663 1355 700 Romam
1380 663 1508 702 mittit.
1544 672 1617 710 18·,
1643 676 1658 702 ι

1008 715 1073 771 sq.
1099 729 1160 766 19,
1180 727 1216 761 8.
1273 721 1372 759 varia
1392 721 1568 761 exercitia
1591 723 1666 762 mi·

1018 777 1137 814 litaria
1157 776 1326 815 instituit.
1355 787 1422 821 20,
1442 787 1456 820 ι
1471 772 1567 831 sqq.
1603 779 1666 818 of-

1023 833 1146 871 ficinae
1167 835 1256 872 belli
1275 846 1394 872 totam
1412 837 1549 882 urbem·
1566 832 1667 875 fimi-

1007 892 1100 929 ⁴lem
1116 891 1252 936 reddit,
1271 893 1523 931 Tarraconem
1540 895 1666 932 hiber-

1003 970 1005 972 ·
1023 959 1152 986 natum
1169 949 1280 986 redit.
1305 959 1369 992 20,
1389 957 1412 992 4
1433 943 1525 1002 sqq.
1541 960 1605 994 34,
1630 961 1664 988 1.

1077 1006 1277 1059 (Exercitia
1297 1005 1487 1056 equestria,
1512 1003 1561 1046 de
1579 1006 1665 1062 qui-

1021 1057 1097 1101 bus
1127 1065 1173 1100 X.
1204 1075 1248 1101 αι
1267 1057 1354 1116 seq.
1387 1061 1555 1115 agitur,
1584 1075 1666 1105 mm

990 1140 993 1143 ·
1021 1114 1081 1158 ad
1107 1120 1324 1169 Scipionem
1345 1119 1570 1171 pertinent,
1605 1118 1668 1163 ad

1022 1187 1137 1229 quem
1161 1187 1377 1229 perperam
1409 1177 1548 1231 vulgo'
1563 1175 1664 1232 refeq

1021 1238 1173 1273 rantur
1198 1233 1240 1273 in
1262 1229 1432 1287 striptis
1449 1234 1566 1276 libris
1582 1234 1663 1278 Po-

1020 1288 1194 1342 lybianis
1239 1289 1461 1346 editisquffi·
1493 1288 1572 1346 fid
1606 1290 1671 1335 ad

1021 1350 1367 1399 Philopoemenem‚
1411 1347 1662 1402 quemadmo-
1705 1375 1708 1380 <

1022 1403 1117 1445 dum
1156 1405 1199 1446 in
1230 1403 1574 1451 Adnotationibus
1600 1406 1667 1450 ad

1021 1473 1109 1503 eum
1125 1462 1251 1504 locum
1268 1462 1504 1511 docuimus.)
1623 1458 1627 1463 ⁵

1078 1522 1306 1566 Edeconem,
1316 1523 1577 1570 Mandonium,
1594 1526 1663 1564 ln-

1020 1579 1196 1623 dibilem,
1225 1581 1370 1630 regulos
1395 1581 1662 1630 Hispanorum.

1018 1637 1061 1675 in
1089 1636 1204 1674 fidem
1237 1636 1384 1686 accipit.
1414 1639 1463 1676 X.
1500 1647 1658 1684 34-38.

1019 1695 1098 1732 Rex
1120 1696 1164 1732 ab
1186 1694 1360 1743 Hispanis
1377 1695 1563 1740 salutatus,
1590 1697 1658 1735 de·

1017 1751 1133 1789 clinat
1146 1751 1187 1789 id
1202 1765 1363 1794 nomem
1390 1754 1437 1789 X.
1453 1759 1518 1798 38,
1531 1763 1567 1797 3.
1589 1762 1659 1798 40,

1021 1820 1041 1844 2
1081 1802 1174 1861 sqq.
1243 1808 1500 1859 magnitudine
1543 1810 1660 1849 animi

1018 1879 1148 1904 omnes
1183 1867 1356 1903 mortales
1378 1867 1562 1916 superans,
1588 1877 1659 1912 40,

1019 1923 1042 1959 6
1063 1917 1155 1975 sqq.
1212 1923 1480 1968 Asdrubalem,
1507 1925 1659 1962 Hanni-
1703 1943 1705 1953 ·=

1017 1981 1109 2020 halis
1130 1980 1282 2018 fratrem
1293 2007 1304 2023 ,
1331 1981 1455 2030 praelio
1473 1980 1595 2020 vincit
1610 1981 1657 2020 ad

1016 2038 1170 2075 Baecula.
1191 2039 1238 2074 X.
1253 2048 1317 2084 39.
1405 2066 1409 2069 «
1446 2060 1465 2069 ⁷-

1069 2095 1328 2138 Asdrubalem,
1338 2094 1513 2134 Gisconis
1522 2093 1655 2139 filium,

1020 2150 1268 2203 &Magonem
1285 2151 1552 2191 &Masiniffam
1563 2165 1655 2202 prae-
1702 2151 1706 2157 ’

977 2227 981 2230 <
1017 2210 1070 2247 lio
1087 2209 1206 2246 vincit
1226 2209 1271 2246 ad
1289 2209 1524 2258 Ilipam,-ubi
1539 2209 1652 2248 soler-

1015 2277 1073 2303 tes
1093 2278 1213 2304 motus
1230 2266 1379 2316 peragit.
1405 2268 1470 2304 xl.
1494 2275 1651 2311 20—24.

1014 2324 1238 2362 seditionem
1256 2323 1416 2360 militam
1425 2322 1589 2362 feliciter
1595 2324 1655 2363 se-

1015 2381 1088 2418 dat.
1112 2390 1161 2422 25
1178 2402 1194 2410 -
1210 2390 1273 2424 30·
1310 2380 1408 2418 visto
1420 2379 1574 2421 Indibili
1591 2393 1652 2418 re·

1013 2439 1125 2481 belle,
1153 2439 1311 2475 Romam
1338 2437 1569 2487 triumphans
1590 2450 1652 2475 re-

1013 2495 1071 2532 dit
1088 2508 1133 2532 ex
1152 2495 1340 2543 Hispania.
1357 2496 1422 2532 XI.
1447 2503 1491 2538 31
1507 2490 1620 2548 fiqq.

1067 2552 1192 2600 Scipio
1214 2551 1254 2588 in
1263 2551 1406 2594 Africa,
1414 2551 1567 2590 Vticam
1579 2551 1649 2588 ob-

1007 2607 1110 2646 fidet.
1131 2610 1236 2646 XIV.
1258 2619 1290 2651 1,
1305 2618 1339 2644 2.
1361 2617 1397 2652 7,
1415 2619 1448 2645 ι.
1505 2609 1648 2659 Sypha-

1007 2679 1091 2703 cem
1120 2665 1378 2716 legationihv.18v
1396 2664 1503 2703 ludit.
1533 2667 1648 2705 xlv.

1013 2732 1046 2766 1,
1068 2732 1085 2766 3
1108 2719 1197 2774 fili]-
1223 2716 1274 2762 &²
1295 2731 1381 2773 cap.
1411 2733 1447 2760 α.
1504 2722 1645 2772 Sypha-

1576 2835 1643 2873 dit.
