1708 3178
483 219 557 251 1¹1·
602 214 1103 248 Gssoenarnlcvs.

124 325 534 373 innatoraeciam.1x.
558 333 623 370 35,
643 334 680 369 4.
714 323 771 362 eis

123 398 217 427 tune
233 385 303 425 soli
318 384 531 423 restiterunt
553 380 680 420 AEtoli.
704 382 771 419 IX.

131 453 210 490 30,
241 453 291 488 3.,
334 440 459 485 Gaui,
494 439 560 491 qui
589 437 774 476 Graeciam

129 501 356 552 invaserunt,
385 497 519 549 partim
536 496 583 534 ad
603 495 774 544 Delphos

130 556 394 597 internecione
416 554 533 594 deleti
557 553 663 596 sunt,
692 565 774 601 par-

126 615 201 653 tim
233 613 276 653 in
312 612 441 653 Afiarn
472 607 714 662 trajecerunt.
743 610 775 647 1.

134 672 173 716 6,
206 682 242 714 ς.

189 726 307 771 Galli,
334 738 415 776 pars
439 736 570 763 eorum
598 722 662 773 qui
689 735 777 760 eum

130 787 282 824 Brenno
317 781 433 836 patria
471 781 662 824 exierant,
711 778 777 830 qui

131 841 356 892 Delphicam
385 839 668 886 declinaverunt
701 838 776 874 cla·

128 897 306 943 dem,ubi
324 897 370 935 ad
386 893 676 945 Hellespontum
693 907 777 943 per-

129 958 329 1000 vener-tint,
339 954 381 992 in
396 953 556 992 Thracia
575 951 680 990 haud'
692 964 777 1000 pro-

80 1032 83 1034 ·
130 1015 195 1052 cul
212 1011 396 1063 Byzantio
413 1009 663 1048 consederunt
690 1020 778 1045 eum

131 1083 219 1123 rege
238 1067 496 1111 Comontorio,
523 1066 662 1118 regiam
686 1077 777 1103 con·

132 1127 311 1166 dide-runt
325 1126 467 1169 Tulen,
477 1123 678 1174 Byzantios
696 1122 778 1176 bel-

134 1186 174 1224 lo
191 1184 406 1235 fatigarunt,
437 1181 474 1220 &
494 1179 698 1232 graviffima
730 1179 778 1217 ab

87 1245 90 1249 ’
133 1242 190 1281 eis
207 1242 345 1279 tributa
356 1238 616 1288 expresserunt.
630 1239 699 1276 IV.
711 1247 733 1281 4
740 1244 779 1280 5

142 1309 215 1336 10.
234 1297 309 1342 46,
342 1304 359 1340 ς
378 1290 471 1349 sqq.
530 1294 623 1333 illud
650 1294 780 1332 Gallo-

133 1370 221 1395 rum
273 1367 453 1406 regnum,
515 1352 582 1391 sub
623 1344 780 1401 postre-

84 1415 90 1421 '
137 1427 202 1452 mo
263 1423 394 1450 eorum
465 1422 553 1462 rege
626 1410 782 1453 Cavaro,

136 1483 225 1509 eum
274 1468 352 1523 ipsa
396 1475 513 1519 gente
562 1465 782 1504 exstinstum

137 1541 160 1567 a
188 1502 419 1565 Thracum?
427 1524 489 1562 est.

135 1579 188 1638 Cf·
214 1591 279 1630 38,
299 1583 337 1620 6·

83 1644 86 1658 ³
160 1647 174 1668 ⁸
195 1641 325 1679 Gallos
354 1637 576 1692 (AEgosagas,
602 1626 781 1683 Δίγοσᾶ·

84 1706 106 1712 ·’
135 1709 227 1748 ηας,
244 1699 314 1737 IV.
335 1707 401 1744 77,
426 1707 461 1734 2.
482 1693 539 1740 n.)
567 1695 717 1732 Attalus
734 1706 782 1732 ex

86 1764 89 1765 ⁷
136 1753 283 1807 Europa
307 1753 440 1792 accivit
469 1753 515 1791 ad
546 1753 690 1790 bellum
716 1750 782 1789 ad-

85 1828 89 1833 ’
133 1812 262 1852 versus
296 1812 490 1852 Achaeum.
527 1812 578 1848 V.
619 1815 696 1853 78,
741 1819 780 1852 4.

142 1871 236 1915 nir,
265 1875 302 1907 Ξ.
358 1880 490 1906 eorum
517 1879 590 1926 ope
620 1863 781 1904 AEolicas

135 1929 175 1968 ἃ
192 1926 342 1967 lonieas
361 1926 494 1968 urbes,
523 1937 604 1976 quae
637 1923 781 1962 Achaeo

84 2001 88 2005 ’
135 1986 178 2028 st
192 1977 431 2026 tradiderant,
456 1981 599 2031 recepit
617 1980 778 2020 Attalus.

136 2043 188 2081 V.
218 2051 284 2090 77.
351 2053 415 2088 eos
439 2039 482 2077 in
510 2038 621 2077 bellis
648 2037 780 2087 seque-

85 2108 90 2112 *
135 2100 270 2138 ban‘tur
288 2109 419 2136 uxores
443 2097 481 2135 δε
506 2095 639 2138 liberi,
675 2094 780 2144 plau-

85 2165 91 2170 '
137 2151 217 2194 stris
234 2151 347 2194 vesti.
367 2161 433 2198 78,
458 2164 491 2190 1.
546 2151 780 2191 eosdemAt-

136 2213 254 2256 talus,
308 2222 424 2262 quum
455 2211 554 2248 lunae
589 2208 780 2247 defectum

138 2274 205 2320 pro
233 2267 378 2317 ostento
404 2267 582 2305 habentes
608 2263 780 2316 progredi

136 2325 292 2365 ulterius
335 2325 505 2370 nollent,
563 2323 609 2362 ad
645 2322 780 2360 Helle-

83 2392 91 2397 ·
136 2382 263 2433 sponti
283 2393 387 2419 oram
412 2379 577 2423 remifit',
606 2378 644 2416 δι
674 2377 783 2417 sedes

86 2450 92 2454 “
138 2438 269 2490 ibicis
289 2437 498 2489 adfignavit.
527 2444 592 2481 78.
627 2435 782 2473 eosdem

86 2506 92 2511 ·
137 2495 299 2539 Prusias,
342 2507 458 2546 quum
487 2493 602 2531 effusa
629 2491 782 2531 licentia

136 2553 307 2590 civitates
332 2552 377 2589 ad
395 2551 686 2600 Hellespontum
714 2548 781 2585 de-

531 1521 779 1568 1V.4‚6.4.

139 2611 413 2659 popularentur,
433 2609 535 2648 bello
554 2617 700 2657 petens,
721 2605 782 2643 in-

138 2666 357 2703 ternecione
380 2664 531 2703 delevit.
558 2665 606 2702 V.
631 2673 645 2698 1
661 2673 673 2697 1
689 2671 723 2699 1.

197 2722 298 2759 Galli
319 2723 423 2759 mille
441 2716 625 2775 (equites)
657 2718 698 2756 in
717 2731 782 2756 ex-

140 2778 259 2817 ercitu
285 2778 490 2832 Antigoni..
502 2778 585 2818 adv.
606 2776 782 2816 Cleome-

1431 196 1520 259 3¹5-

863 334 966 362 nem.
982 323 1032 360 11.
1054 321 1121 366 65,
1143 332 1180 359 Ξ.
1239 320 1378 360 Gallici
1405 322 1514 374 equi-

863 390 922 418 tes
941 374 1187 430 (Γαλατικοὶ
1215 376 1374 423 ἱππεῖς)
1393 379 1432 422 in
1450 393 1515 417 ex-

865 436 988 474 ercitu
1013 435 1178 486 Philippi
1213 435 1251 474 &
1286 438 1514 475 Achaeorum

864 494 967 532 bello
988 492 1137 531 Sociali.
1159 495 1209 531 V.
1241 503 1276 537 3.
1302 504 1337 531 2.
1373 503 1443 538 ¹7,
1473 505 1512 545 4.

867 549 971 589 Galli
988 560 1022 589 s.
1042 551 1182 588 Galata:
1203 550 1398 602 Rigosages
1413 546 1514 602 (five

869 607 1082 659 AEgosages,
1109 610 1184 645 aut
1201 605 1441 658 Tektosages)
1473 608 1513 653 in

868 665 1034 702 exercitu
1062 664 1247 715 Antiochi
1277 675 1405 702 contra
1424 666 1514 703 Μο-

867 722 1010 760 lonem.
1027 724 1077 760 V.
1090 731 1156 766 53,
1170 731 1206 765 3.
1264 722 1367 760 Galli
1387 731 1422 761 s.
1434 723 1513 760 Ga·

867 779 950 818 latae
979 778 1022 816 in
1047 775 1214 818 Molonis
1250 778 1426 820 exercitu.
1460 780 1513 816 V.

873 844 940 879 53,
971 842 1009 879 8.
1066 835 1108 874 in
1129 835 1294 874 exercitu
1319 835 1513 875 Ptolemaei

867 891 1136 943 Philopatoris,
1163 892 1270 941 mixti
1291 893 1512 932 Thracibus.

868 951 920 988 V
943 950 1011 994 65,
1036 959 1100 988 ιο.

928 1024 1123 1062 Gallorum
1147 1023 1184 1061 δε
1207 1025 1427 1075 Scytharum
1456 1025 1515 1065 fa·-

870 1081 997 1121 cinora
1029 1093 1186 1131 patratu
1233 1083 1298 1121 IX.
1331 1091 1405 1126 34,
1449 1095 1463 1119 1
1479 1094 1512 1121 ι.

864 1133 1178 1192 proverbialiter
1193 1133 1352 1183 diffum,
1370 1153 1414 1177 ex
1433 1155 1514 1179 me-

868 1207 914 1234 tu
926 1194 1138 1238 Gallorum,
1165 1196 1230 1247 qui
1249 1197 1343 1246 saepe
1363 1197 1517 1252 Graecoq

872 1266 952 1292 non
970 1253 1091 1291 solum
1108 1253 1267 1303 pristinis
1283 1255 1518 1304 temporibus

871 1309 938 1350 sed
948 1310 1153 1357 etiamnum
1161 1310 1308 1361 Polybii
1324 1322 1431 1350 aetate
1449 1325 1514 1350 au-

870 1367 952 1406 xios
979 1367 1115 1407 tenuit.
1140 1370 1189 1405 11.
1222 1378 1287 1412 35,
1312 1380 1350 1416 9.
1373 1370 1515 1408 XXVI.

874 1435 900 1473 9
913 1451 925 1470 ‚
961 1434 996 1469 3-

930 1480 1032 1521 Gaui
1065 1481 1109 1520 in
1140 1481 1359 1522 Asdrubalis
1391 1483 1516 1523 castris

867 1537 1085 1592 temulenti,
1115 1538 1158 1577 in
1177 1541 1331 1577 modum
1346 1541 1517 1580 vistima-

870 1609 953 1635 rum
970 1593 1185 1648 jugulantur
1202 1610 1223 1634 a
1240 1597 1432 1640 Romanis.
1445 1599 1515 1637 XI.

875 1664 924 1699 Ξ,
954 1665 988 1691 1.
1226 1675 1228 1677 -

929 1724 972 1762 in
988 1722 1152 1762 Galliam
1174 1720 1379 1764 mittunnu
1405 1724 1516 1762 ambo

871 1781 1054 1820 Consules
1078 1793 1152 1831 quo
1170 1792 1267 1818 anno
1287 1781 1335 1818 T.
1353 1780 1518 1824 Quintio

872 1849 1062 1890 prorogata
1102 1837 1156 1875 est
1178 1835 1407 1875 Macedonia
1434 1851 1520 1887 pro-

870 1895 1009 1934 vincia.
1066 1895 1192 1934 xv11.
1255 1904 1326 1938 ιι,
1379 1904 1396 1931 1
1449 1889 1519 1948 sq.

878 1963 1001 1998 12,1.

929 2021 1078 2060 Bellum
1105 2031 1192 2058 cum
1213 2019 1451 2071 Gallograecis
1479 2028 1517 2057 s.

869 2078 992 2118 Gallis
1003 2077 1130 2116 Afiam
1146 2077 1398 2116 incolentibus
1411 2089 1431 2113 a
1443 2077 1516 2113 Cn.

871 2135 1018 2176 Manlio
1037 2133 1122 2172 Cos.
1145 2134 1309 2185 gestum,
1340 2133 1419 2183 post
1435 2133 1519 2171 bel·

871 2195 954 2233 lum
979 2190 1262 2230 Antiochicum.
1291 2193 1412 2229 XXII.
1441 2191 1518 2228 16·

876 2261 942 2294 24.
973 2248 1041 2288 111.
1073 2253 1118 2293 3‘,
1155 2257 1192 2290 5.
1248 2247 1444 2286 viiloriam
1470 2247 1520 2284 de

873 2306 996 2346 Gallis
1023 2306 1180 2343 relatam
1220 2317 1344 2355 graecae
1386 2316 1520 2342 omnes

847 2364 849 2366 ’
873 2363 1045 2402 civitates
1063 2374 1129 2412 per
1141 2361 1267 2400 Aliam
1283 2362 1375 2401 laetae
1395 2372 1519 2413 gratu-

870 2422 997 2462 latinu⁶
1022 2418 1268 2459 CmManlio.
1297 2419 1419 2456 XXII.
1454 2426 1542 2461 24„

877 2487 899 2514 a
918 2471 987 2529 sq.
1041 2489 1099 2514 res
1111 2475 1152 2513 in
1170 2474 1411 2526 Gallograecia
1428 2488 1522 2515 con-

874 2535 1031 2572 stituunt
1049 2532 1183 2570 decem
1204 2532 1316 2583 legati
1342 2545 1429 2570 cum
1447 2534 1520 2570 Cn.

872 2590 1032 2631 Manlio.
1072 2598 1120 2633 ²7
1134 2615 1146 2633 ,
1178 2598 1240 2625 η.

931 2656 1129 2699 Galatiam,
1155 2664 1246 2708 qua
1264 2648 1345 2707 sub
1368 2653 1519 2695 Eume-

873 2724 923 2755 ne
940 2717 1052 2757 erat,
1083 2715 1277 2762 populatur
1303 2714 1523 2755 Pharnaces,

875 2772 986 2814 sociis
1007 2782 1116 2811 utens
1146 2769 1290 2811 duobus
1306 2771 1524 2810 Galatarum

1372 2827 1525 2879 regulis,
