1690 3178
137 183 219 230 232

217 236 223 260 ι

198 290 328 330 Achaei
356 289 396 328 in
425 288 612 339 colloquio
646 283 730 337 ejus
755 298 843 323 cum

198 350 250 387 T.
273 347 444 390 Quintio.
465 347 589 383 XVII.
617 355 654 388 2,
683 354 718 387 5.
745 342 784 386 6,
806 348 842 384 8.

204 412 243 450 8,
271 415 308 451 9.
363 403 475 453 Argis
505 401 738 440 conveniunt
767 411 845 437 ma-

201 462 369 513 gistratus
377 462 614 506 Achaeorum.
623 452 764 495 xxm:
782 466 794 492 1
805 465 846 499 0,

208 529 244 556 2.
275 519 433 555 XXVII.
469 525 516 560 2,
557 525 620 552 11.
693 511 762 552 Sic
796 506 847 553 εἰ

201 586 280 629 pro
300 568 452 622 Αἴγιον,
482 569 587 625 quod
604 569 655 624 est
673 572 850 610 XXVIII.

211 643 247 677 3,
282 642 343 669 10.
382 629 492 683 apud
519 627 678 668 Livium
707 625 758 681 est
777 629 852 665 Ar·

206 703 294 742 gos,
325 683 393 727 ubi
411 685 573 740 pariter
593 683 643 726 de
666 685 854 724 Achaico-

207 760 293 786 1um
344 746 620 798 magistratuum
663 752 855 782 conventu

209 802 366 857 agitur.

267 861 378 912 Argis
420 860 654 898 celebrantur
687 858 856 896 Nemeo-

166 967 167 972 1
210 931 295 957 rum
335 917 514 956 solennia.
562 912 652 955 vide
698 915 858 953 Nemea.

210 974 367 1014 Iunonis
389 973 596 1013 sacerdotes
624 971 720 1022 apud
748 970 860 1021 Argi-

211 1045 280 1073 vos
310 1045 397 1069 cum
422 1030 684 1081 Olympiorum
710 1027 861 1066 vieiori-

212 1091 282 1128 bus
302 1088 527 1138 comparavit
543 1081 711 1126 Timaeus
735 1085 779 1124 in
798 1083 862 1122 sua

214 1147 390 1186 Historia.
413 1148 497 1183 XII.
524 1155 586 1189 12,
620 1154 653 1181 ι.
714 1138 862 1193 Argioe

205 1199 432 1258 sacerdotis
470 1199 577 1257 filii,
637 1200 788 1239 Cleobis
825 1199 862 1236 ὅ(

215 1262 340 1300 Biton.
371 1263 510 1298 XXIII.
542 1265 587 1301 18
603 1285 614 1303 ,
635 1267 672 1302 7.
690 1268 730 1296 n.
790 1258 863 1293 Ar-

215 1319 386 1371 givorum
403 1318 573 1360 colonia,
601 1315 730 1357 Iassus;
759 1315 864 1351 XVI.

225 1386 287 1419 ια,
326 1388 360 1412 2.
415 1375 510 1413 item
538 1373 692 1425 Rhodus
717 1372 754 1410 &
785 1369 865 1408 Soli

217 1433 373 1472 Ciliciae.
400 1434 519 1469 XXII.
552 1441 595 1475 7,
630 1439 691 1466 11.
761 1427 863 1466 urbis

219 1491 448 1541 Argivorum
492 1501 582 1538 opes
628 1483 779 1525 miratur
819 1486 864 1522 L.

220 1546 394 1586 AEmilius
414 1547 572 1583 Paullus.
593 1545 711 1581 XXX.
740 1552 803 1585 15,
831 1551 865 1578 1.

166 1604 289 1655 Argos
321 1603 676 1652 Amphilochicum,
715 1592 765 1639 vo*
795 1612 867 1638 κοι-

223 1654 424 1709 λούμενον
439 1653 590 1713 Ἀργος
619 1653 868 1708 Ἀμφιλοχι-

224 1711 320 1762 adv,
356 1719 480 1756 xxm
506 1719 563 1756 M.
587 1717 628 1754 P.
657 1715 791 1753 distans
825 1715 869 1751 ab

224 1776 436 1816 Ambracia.
458 1776 578 1813 XXII.
609 1783 671 1817 13,
693 1783 706 1807 ι
721 1784 754 1809 2.

168 1833 458 1884 Argyraspides,
512 1829 696 1881 argenteis
730 1827 872 1878 clypeis

226 1890 402 1941 infigneS,
429 1889 471 1927 in
492 1888 659 1926 exercitu
678 1885 873 1925 Antiochi.

199 1983 203 1994 ..
228 1950 279 1985 V·
304 1958 370 1994 79,
405 1955 442 1989 4·

170 1997 460 2057 Ἀργύριππα,
477 1998 568 2042 vide
588 2001 695 2051 Arpi.

544 181 734 212 XNDEX
775 179 1161 212 Hlsrossxcvs

930 298 934 303 ·
991 298 1080 325 cum
1125 285 1227 324 socio
1250 320 1254 323 Α
1275 282 1447 326 Eumene
1487 287 1577 329 cdv.

937 345 1166 382 Pharnacem
1193 342 1335 381 bellum
1361 345 1469 395 gerit.
1506 346 1578 386 111.

941 410 977 445 3,
998 400 1035 437 6.
1063 402 1183 452 XXV.
1211 393 1339 498 434
1359 396 1410 452 tf
1429 411 1461 440 c.
1485 413 1526 447 2,
1541 401 1580 440 6.

937 459 1077 496 XXVI.
1112 457 1160 501 6,
1190 466 1208 500 3
1321 466 1383 500 15.
1411 455 1582 511 Fragm-

939 511 1027 567 hist.
1049 512 1088 550 6.
1110 527 1241 563 pacem
1257 514 1348 553 facit
1367 527 1454 553 cum
1469 517 1581 556 Phar-

940 585 1048 609 nace.
1085 573 1224 610 XXVI.
1262 569 1301 608 6.
1369 584 1584 612 controver-

943 628 1009 666 fias
1039 639 1126 667 cum
1149 628 1387 679 Gallograecis
1411 630 1590 680 disceptat

945 699 1072 724 coram
1094 686 1149 723 M.
1172 685 1280 724 lunio
1312 687 1432 737 legato
1453 688 1589 726 Roma·-

947 757 1031 782 nor.
1050 743 1186 780 XXXI.
1209 751 1271 786 13.
1299 738 1350 795 qfi
1371 754 1404 782 c.
1428 754 1490 789 12,
1524 740 1590 789 13.

892 800 1126 844 Ariarathes,
1152 799 1357 838 Ariarathis
1378 800 1498 846 filius,
1526 813 1595 840 rex

951 856 1205 906 Cappadociae,
1233 858 1329 906 pati-i
1353 857 1518 897 succedit
1550 858 1595 898 in·

921 931 923 934 ⁴
947 925 1119 964 regnum.
1157 914 1292 952 XXXI.
1334 924 1396 960 14.
1463 915 1592 956 amiei-

946 971 1040 1010 tiam
1057 984 1144 1008 cum
1162 971 1338 1010 Romanis
1358 983 1527 1018 renovat,
1557 973 1593 1012 &

953 1028 1024 1067 diis
1043 1028 1141 1067 sacra
1161 1028 1252 1067 facit
1276 1031 1324 1067 ob
1345 1030 1599 1069 Romanorum

953 1086 1043 1124 inse
1055 1086 1370 1124 benevolentiam.
1388 1089 1524 1126 XXXI.
1542 1088 1596 1132 ’14

946 1138 1033 1195 fhq.
1102 1142 1148 1180 ad
1189 1143 1335 1193 Lysiam
1372 1145 1415 1183 in
1455 1145 1600 1195 Syriam

955 1199 1086 1243 mittit,
1103 1200 1236 1238 sororis
1257 1201 1293 1239 &
1313 1202 1438 1249 matris
1454 1201 1527 1240 offa
1539 1214 1600 1240 re-

958 1268 1102 1307 petens.
1139 1259 1274 1295 XXXI.
1319 1267 1334 1295 1
1347 1270 1381 1301 ς.
1458 1258 1602 1312 insigne

959 1314 1102 1353 donum
1121 1314 1279 1352 Romam
1307 1316 1447 1360 mittit,
1477 1316 1514 1355 &
1531 1316 1604 1356 sci-

958 1372 1072 1422 pione
1090 1372 1125 1409 &
1149 1372 1237 1410 sella
1255 1373 1418 1412 eburnea
1436 1387 1456 1412 a
1474 1374 1605 1413 senatu

955 1429 1125 1467 donatur.
1146 1430 1301 1467 XXXII.
1325 1440 1360 1475 3,
1376 1441 1410 1474 3.
1436 1441 1472 1474 5,
1490 1440 1504 1467 ι
1509 1425 1604 1485 sqq.

1013 1487 1057 1523 ab
1077 1486 1263 1524 Oroferne
1274 1514 1286 1531 ,
1312 1501 1384 1537 ope
1402 1487 1613 1532 Demetrii..

960 1543 1111 1594 pellitur
1142 1556 1270 1594 regno.
1308 1547 1374 1582 111.
1407 1554 1455 1590 5,
1486 1556 1523 1583 2.
1564 1545 1603 1584 δι

960 1601 1119 1639 Romam
1138 1601 1255 1639 venit.
1281 1603 1435 1640 XXXII.
1461 1612 1526 1640 20.
1562 1602 1606 1642 in

960 1670 1119 1708 regnum
1137 1658 1350 1703 restituitur,
1379 1660 1497 1698 Attali
1517 1673 1608 1710 ope-

963 1728 1013 1752 ra.
1035 1717 1101 1752 III.
1127 1726 1163 1758 ς,
1185 1727 1220 1752 2.
1236 1717 1390 1754 XXXII.
1416 1727 1479 1760 23.
1541 1717 1609 1755 de-

964 1771 1123 1821 pofitum
1131 1772 1326 1811 Orofernis
1335 1774 1472 1823 repetit
1482 1774 1612 1814 aPtie·

964 1829 1150 1867 nenfibus.
1177 1831 1350 1869 XXXIII.
1375 1841 1436 1868 12.
1546 1858 1552 1863 ι

909 1886 1107 1930 Aribazus,
1117 1886 1287 1926 Sardium
1300 1889 1505 1937 praefestus.
1518 1890 1609 1928 vn.

977 1954 1039 1988 17,
1064 1955 1100 1990 9.
1129 1950 1192 1988 18,
1216 1954 1252 1989 7.
1279 1947 1386 1985 VIII.
1406 1956 1471 1991 23,
1503 1957 1542 1994 9.
1571 1955 1614 1987 n.

970 1998 1040 2039 ubi
1059 1998 1180 2053 vulgo
1198 2002 1418 2041 Ariobazus.

171 2061 357 2105 Asianus,
385 2061 523 2098 amicus
554 2059 694 2097 Bolidis
721 2060 878 2096 Creten·
914 2058 1110 2102 Aridices‚
1146 2059 1378 2098 Rhodiorum
1403 2061 1545 2111 legatus
1569 2059 1617 2100 ad

231 2119 291 2163 fis.
311 2116 419 2169 cujus
441 2130 554 2167 opera
581 2117 700 2154 utitur
717 2115 817 2152 Bolis
835 2114 880 2152 ad

231 2174 501 2225 decipiendum
572 2172 879 2223 prodendumque

233 2235 430 2272 Achaeum.
470 2234 577 2269 VIII.
614 2238 660 2271 18
677 2224 794 2282 fi’qq.

178 2291 375 2330 Ariaracae.
406 2284 512 2328 Vide
539 2287 744 2326 Aniaracae.

177 2348 392 2387 Ariarathes
401 2345 496 2383 circa
508 2346 659 2394 Olymp.
674 2345 785 2381 CXL.
807 2343 884 2382 sus-

236 2404 329 2454 cipit
353 2414 511 2454 regnum
538 2400 790 2450 Cappadoci-e.
815 2402 884 2439 IV.

973 2115 1184 2165 Byzantios
1203 2117 1271 2155 IV.
1295 2127 1360 2161 52,
1390 2128 1427 2156 2.

915 2173 1039 2210 Aries.
1127 2175 1173 2211 In
1214 2174 1347 2211 arietes
1394 2175 1615 2215 libramenta

973 2229 1119 2280 plumbi
1138 2230 1174 2268 &
1194 2230 1274 2268 saxa
1287 2232 1322 2269 &
1335 2231 1475 2280 stipites
1492 2246 1514 2271 e
1532 2246 1618 2271 mu-

972 2287 1023 2325 ris
1039 2284 1324 2336 dejiciebantur.
1347 2290 1467 2327 XXII.
1494 2299 1557 2334 ιο,
1580 2298 1619 2334 4.

918 2343 1148 2388 Asiminum,
1172 2338 1390 2397 ’Aplpuvom
1405 2340 1484 2397 sed
1501 2342 1620 2398 supe·

975 2399 1107 2439 riores
1142 2398 1332 2441 editiones
1363 2406 1458 2441 ante
1489 2400 1619 2443 Erne-

240 2473 283 2506 2,
314 2467 351 2503 8.
411 2473 474 2509 per
503 2460 642 2510 legatos
670 2458 885 2507 deprecatur
964 2455 1076 2512 stum
1094 2452 1303 2511 ’Λρίμηνον
1322 2471 1410 2500 cum
1430 2458 1622 2500 codddw·

205 2535 208 2539 ⁴
239 2518 337 2568 apud
357 2516 557 2559 Manlium,
586 2514 686 2566 quod
705 2528 791 2551 cum
801 2517 885 2553 An-

236 2576 365 2613 tiocho
383 2571 548 2617 fecissen
576 2573 612 2610 &
630 2572 803 2611 sexcenta
831 2583 887 2608 ta-

236 2633 341 2679 lenta
371 2630 503 2680 pendit
534 2628 722 2666 Romanis.
766 2630 886 2666 XXII.

241 2697 315 2731 24.
347 2697 369 2730 4
400 2680 450 2726 &
472 2696 509 2730 7.
556 2681 669 2737 Conf.
696 2681 885 2737 Spicileg.

237 2746 290 2785 T·
310 2747 358 2801 Va
383 2757 420 2795 p.
449 2752 495 2786 41
519 2737 584 2796 sq.

969 2513 1086 2569 stris,
1105 2521 1267 2567 excepto
1287 2513 1399 2570 Aug.
1423 2516 1492 2570 qui
1518 2512 1623 2571 ’Apt-

981 2583 1095 2620 μινον
1113 2572 1187 2612 dat
1206 2577 1254 2612 11.
1279 2585 1343 2618 21,
1365 2586 1399 2617 5.
1420 2570 1472 2616 &²
1498 2585 1563 2620 23,
1584 2584 1622 2619 5-

967 2623 1046 2680 sed
1065 2640 1118 2668 ex
1134 2629 1283 2670 emend.
1298 2628 1350 2671 ab
1370 2631 1542 2685 antiqua
1561 2636 1625 2671 ta-

979 2697 1069 2724 men
1096 2697 1230 2726 manu.
1307 2682 1529 2741 Ἀριμηνδν
1554 2687 1626 2730 ha-

980 2738 1044 2783 bet
1063 2741 1147 2784 cod.
1163 2742 1260 2785 Vat.
1279 2740 1331 2787 Εἰ
1347 2745 1437 2800 ejus
1447 2742 1549 2801 socii
1558 2750 1626 2786 111.

1564 2804 1631 2849 86»
