1708 3178
148 174 234 228 408

214 287 374 327 miscens
414 286 451 326 se
492 287 864 328 Lacedaemoniorum

191 370 194 374 -
215 345 373 386 internis
398 341 666 391 seditionibus,
709 345 866 386 societa-

211 411 295 441 'tem
307 415 393 440 cum
404 404 541 452 populo
552 401 693 447 firmat3
716 414 762 449 23
780 396 868 456 seq.

215 459 256 497 ἃ
279 460 504 499 Corinthum
523 459 636 505 redit,
663 460 870 501 sociorum-

220 529 296 567 que
321 517 367 553 de
398 516 531 554 AEtolis
561 519 728 567 querelas
757 517 871 556 audit.

229 584 280 621 24
300 572 408 612 extr.
427 569 479 615 ἐξ
495 568 581 627 seq.

281 631 381 683 AEgii
405 631 446 682 in
464 630 627 669 coneilio
656 631 752 670 avita
780 629 874 670 ami-

224 683 324 727 citiae
342 686 426 739 jura
452 701 539 726 cum
566 688 739 738 Philippo
763 701 876 727 reno-

223 752 316 785 vant
327 746 469 784 Achaei.
486 747 555 783 IV.
582 745 646 791 26,
669 754 689 790 7
707 739 772 798 sq.
818 744 878 784 hi-

202 824 206 829 ·
230 805 391 842 bernaus
414 803 608 854 Philippus
637 804 680 841 in
697 803 878 842 Macedo-

200 875 203 878 ·
230 860 311 904 nia,
339 859 461 898 soedus
495 860 586 898 facit
614 870 704 898 cum
733 858 886 898 Scerdi-.

234 911 339 959 laeda.
370 919 441 956 IV.
479 928 544 964 29.
619 917 811 967 Philippus
844 915 882 954 δε

232 975 371 1016 Achaei
399 975 520 1012 foedus
547 974 594 1013 de
619 974 796 1014 societate
823 974 883 1013 in-

236 1043 330 1070 eunt
346 1045 433 1069 cum
452 1031 706 1082 Polyrrheniis
726 1030 883 1070 &Lam-

237 1089 325 1140 paeis
336 1089 583 1127 Cretensibus.
600 1091 669 1127 IV.
689 1098 756 1132 55,
778 1099 791 1124 1
814 1083 884 1142 sq.

299 1145 500 1193 AEtoliam,
550 1160 616 1197 per
660 1146 886 1185 Thessaliam

240 1202 279 1243 Sc
320 1203 497 1253 Epirum,
541 1202 638 1253 petit
659 1203 886 1254 Philippus.

241 1264 311 1301 IV.
334 1271 400 1308 57,
425 1271 459 1298 1.
505 1259 542 1298 &
559 1261 799 1299 Ambraciam
816 1262 886 1299 ob·-

240 1318 345 1358 fidet.
366 1318 433 1355 61.
491 1331 646 1369 eamque
665 1315 703 1355 &
724 1318 886 1360 Phoetias

240 1378 352 1426 capit.
385 1376 451 1418 63.
518 1376 583 1413 Ad
610 1378 772 1413 Stratum
801 1389 888 1414 cum

242 1433 409 1471 exercitu
465 1445 676 1472 morantem
727 1432 890 1471 invitant

242 1490 395 1535 Aemi,
432 1501 476 1528 ut
498 1486 656 1540 trajesto
685 1490 783 1529 Rhio
811 1491 889 1530 Eli-

245 1549 335 1590 dem
362 1548 523 1586 invadat.
559 1548 634 1592 64,
670 1558 707 1585 2.
772 1548 891 1596 captis

246 1604 440 1657 nonnullis
474 1598 688 1643 AEtolorum
725 1605 892 1648 urbibus,

244 1673 332 1702 cum
360 1663 395 1700 ei
422 1661 662 1703 nunciaretur
685 1662 893 1701 Dardanios

244 1719 476 1760 invasionem
505 1733 629 1769 parare
655 1718 697 1758 in
713 1720 893 1758 Macedo·

245 1779 371 1821 niam,
390 1778 552 1814 ‘domurn
569 1776 688 1821 redit,
714 1777 804 1815 dein
824 1779 893 1815 La-

246 1834 337 1882 riss‘ae
355 1835 398 1873 in
416 1833 602 1872 Thessalia
618 1834 802 1873 hibernat.
823 1836 893 1873 IV.

215 1902 220 1907 ·
251 1888 335 1937 64-
346 1887 413 1930 66.
472 1891 682 1937 Oeniadas,
714 1891 895 1942 oppidum

247 1948 287 1986 ὃ(
306 1962 428 1988 arcem
446 1961 533 1986 cum
558 1959 678 2000 portu,
689 1948 730 1987 in
749 1947 895 1987 AEtolIae

247 2001 284 2044 δι’
305 2005 525 2060 Acarnaniae
546 1997 772 2050 confinibm.
790 2020 894 2044 com-

248 2057 385 2107 munit.
428 2065 500 2106 65,
549 2073 569 2109 7
591 2057 895 2117 Jqq.De1ne-

219 2130 222 2132 “
246 2121 364 2159 trium
383 2120 581 2164 Pharium,
623 2121 668 2159 ad
695 2121 733 2159 se
759 2121 896 2160 confu-

247 2178 430 2238 gientem,
457 2178 622 2231 benigne
653 2178 799 2230 recipit.
829 2178 897 2223 66,
915 2173 918 2175 ’

252 2247 274 2281 4
294 2223 334 2284 J

219 2307 224 2312 ·
306 2245 402 2331 eirca
427 2293 626 2336 brumam,
667 2305 756 2331 cum
794 2286 897 2342 pa'rte

248 2349 811 2406 exercioes,in1²e10ponnesum
831 2363 897 2387 ve-

247 2407 319 2447 nit.
339 2408 408 2446 IV.
439 2405 514 2452 67,
541 2406 565 2444 6
586 2408 678 2460 sqq.
737 2419 898 2456 moxque

247 2464 360 2503 Eleos
395 2464 441 2502 ad
470 2465 703 2513 Apelaurum
729 2475 900 2501 montem

246 2520 379 2560 vincit.
405 2522 471 2568 69.
513 2519 740 2571 Psophidem
758 2520 793 2558 &
813 2521 899 2560 alias

248 2578 470 2617 eorumdem
514 2579 625 2617 urbes
682 2578 794 2628 capit.
844 2585 900 2624 70

234 2628 351 2688 seqq.
447 2635 628 2686 Apellem
707 2635 898 2686 prohibet,

220 2691 437 2732 Achaeos·
427 2704 469 2730 in
487 2692 707 2731 ier-vitutem
730 2687 902 2742 redigere

245 2758 460 2789 conantem.
483 2749 549 2795 76.
592 2746 797 2790 &Aratum
816 2749 900 2788 adv.

576 163 762 215 xnnz‘x
791 184 1179 234 Jarsronrcvs

957 290 1108 388 2{pellis
1123 289 1328 330 calumnias
1347 275 1488 339 tumr.
1516 284 1613 335 vide

998 360 1095 387 ratus

949 439 962 452 χ
1019 404 1165 457 egregia
1183 403 1220 442 &
1239 419 1328 443 vere
1352 404 1453 456 regia
1469 404 1615 456 Philip-

963 462 1003 512 pi
1020 459 1174 514 juvenis
1179 456 1348 502 indoles.
1372 465 1443 501 1V
1465 471 1529 508 77.
1545 465 1620 508 ια’,

971 528 1005 556 1.
1072 532 1118 558 ex
1143 520 1287 570 optimo
1326 519 1494 568 principe
1521 519 1614 559 dein

965 578 1008 616 in
1017 576 1140 629 ferum
1149 588 1350 627 tyrannum
1361 587 1533 614 mutatus.
1545 578 1615 616 IV.

971 643 1087 679 77,4.
1107 636 1257 672 V11.12
1281 627 1392 686 seqq.
1417 635 1616 680 IX.23‚9.

1027 691 1074 729 de
1098 690 1276 730 solvendo
1306 690 1489 740 stipendio
1511 696 1618 729 exer-

970 748 1063 787 citui
1110 747 1275 797 Philippi
1334 747 1378 785 fit
1424 747 1618 787 decretum

971 807 1208 844 Achaeorum.
1231 807 1279 843 V.
1299 814 1332 848 1,
1359 802 1402 840 1‘1
1423 798 1490 856 sq.
1529 803 1610 843 Bel'·
1691 838 1696 844 ,

972 864 1053 901 lum
1069 862 1214 900 Sociale
1228 862 1318 900 mari
1340 874 1468 913 gerere
1490 861 1535 899 ad
1577 874 1620 900 e-
1647 896 1650 905 ,.

975 920 1077 958 ditur
1113 918 1317 969 Philippus.
1354 921 1404 957 V.
1448 930 1467 954 2
1504 874 1621 972 si'qq.

976 976 1257 1026 Cephalleniam
1294 975 1411 1025 petit‚
1463 975 1530 1014 ubi
1556 988 1624 1025 per

977 1032 1134 1072 Leontii
1150 1031 1345 1083 perfidiam
1353 1033 1511 1071 Palunte
1527 1033 1621 1071 urbe
1679 1024 1697 1043 ⁶

977 1104 1058 1131 non
1082 1090 1233 1140 potitur.
1259 1092 1310 1128 V.
1331 1084 1354 1133 '3
1372 1083 1441 1143 sq.
1497 1091 1623 1129 Ther-

977 1161 1082 1188 mum
1097 1147 1244 1186 AEtoliae
1264 1147 1370 1197 petit,
1382 1145 1419 1184 &
1441 1147 1627 1197 templum

978 1206 1033 1245 ibi
1054 1205 1190 1244 evertit
1209 1203 1246 1242 &
1263 1204 1471 1248 comburit,
1495 1203 1624 1244 vindi-

979 1264 1046 1304 &ae
1073 1262 1185 1301 nimis
1210 1261 1386 1301 ferociter
1413 1261 1625 1312 indulgens

978 1321 1031 1360 v.-
1052 1313 1210 1373 ⁶seqq

955 1417 958 1420 ,
1037 1391 1084 1415 ex
1100 1376 1239 1416 AEtolia
1256 1375 1436 1420 reversus,
1454 1358 1548 1416 mira
1563 1387 1628 1414 ce-

981 1435 1128 1474 leritate
1166 1434 1209 1472 in
1244 1435 1470 1473 Laconicam
1503 1432 1628 1474 rursus

983 1491 1168 1541 irrumpit,
1181 1502 1336 1541 eamque
1351 1503 1468 1542 usque
1485 1490 1529 1528 ad
1538 1491 1628 1528 Τε-

982 1563 1114 1589 narum
1134 1550 1341 1599 populatur
1369 1550 1420 1588 V.
1445 1548 1493 1585 16
1514 1540 1626 1603 seqq.
1681 1555 1685 1558 ·

983 1621 1030 1646 ex
1057 1607 1244 1644 Laconica
1270 1606 1495 1644 Corinthum
1519 1604 1630 1643 redit.

989 1674 1065 1710 24,
1100 1675 1114 1700 1
1139 1657 1231 1716 sqq.
1286 1663 1436 1715 Legatis
1463 1661 1631 1716 Rhodio-

982 1734 1070 1761 rum
1103 1718 1142 1758 ὃ(
1171 1720 1370 1765 Chiorum,
1418 1719 1465 1757 ad
1501 1731 1634 1769 pacem
1659 1712 1665 1720 ’

986 1792 1074 1818 cum
1083 1778 1218 1816 AEtolis
1238 1777 1452 1820 faciendam
1468 1774 1634 1819 invitan-

985 1837 1099 1879 tibus,
1125 1845 1292 1888 paratum
1313 1835 1351 1873 se
1371 1834 1457 1880 effe,
1479 1833 1633 1884 respon-

989 1894 1076 1938 det,
1105 1892 1134 1932 fi
1161 1892 1284 1931 velint
1305 1891 1432 1931 AEtoli.
1466 1897 1534 1936 aa,
1570 1899 1634 1929 ιι.
1623 1915 1664 1935 .-,

987 1950 1032 1989 in
1053 1950 1219 1995 Phocide
1244 1950 1300 1988 rei
1328 1962 1470 2000 magnae
1498 1961 1634 2000 geren-

989 2009 1045 2047 dae
1064 2008 1168 2057 spem
1195 2008 1327 2051 haber,
1356 2016 1511 2051 24,12.
1569 2003 1636 2045 sed

988 2079 1034 2104 ea
1058 2064 1167 2114 spes
1154 2063 1256 2103 irrita
1274 2065 1338 2102 est.
1363 2063 1428 2108 26,
1456 2073 1469 2101 1
1497 2056 1550 2104 &³
1573 2061 1636 2099 16.

991 2135 1038 2160 ex
1067 2123 1192 2161 Elatea
1222 2118 1396 2161 Phocidis
1432 2131 1638 2163 revertens.

991 2179 1195 2229 Sicyonem
1245 2179 1466 2222 devehitur,
1508 2177 1637 2228 ibique
1667 2201 1675 2207 ν

991 2235 1089 2287 apud
1106 2237 1267 2275 Aratum
1287 2235 1450 2274 divertit.
1479 2233 1545 2278 26,
1574 2232 1639 2271 16.

995 2303 1061 2338 27,
1087 2303 1122 2337 3.
1180 2292 1388 2331 Leontium
1408 2291 1640 2343 proditorem

992 2351 1116 2389 occidi
1133 2362 1246 2388 curat.
1282 2358 1355 2397 27,
1386 2359 1407 2394 4
1429 2343 1522 2402 sqq.
1579 2346 1642 2387 in-

992 2407 1119 2446 ducias
1149 2408 1242 2447 facit
1267 2420 1355 2445 cum
1383 2406 1544 2449 AEtolis,
1574 2403 1641 2443 sed
1688 2431 1691 2434 -

992 2478 1062 2514 pax
1080 2478 1159 2504 non
1175 2464 1366 2503 convenit.
1388 2471 1437 2506 28
1452 2457 1540 2516 seq.
1580 2460 1640 2504 hi-

993 2523 1126 2561 bernar
1141 2522 1183 2560 in
1201 2521 1436 2560 Macedonia.
1466 2529 1532 2565 30,
1559 2529 1594 2556 1.
1626 2559 1630 2563 ,

1050 2581 1272 2630 Bylazorem
1307 2581 1440 2617 urbem
1482 2576 1641 2618 Paeom'ae

992 2647 1151 2688 occupat
1177 2636 1258 2681 adit.
1280 2634 1555 2674 Dardaniorum
1580 2633 1642 2672 in·

994 2692 1192 2732 cursiones.
1221 2695 1270 2731 V.
1304 2703 1370 2745 97.
1437 2691 1643 2732 Melitaeam

995 2761 1292 2803 oppugnaturus,
1372 2749 1486 2792 scalas
1543 2745 1670 2801 justo.

1554 2807 1642 2846 bre·
