1690 3178
224 321 322 361 citur
340 333 362 359 a
377 319 498 361 Lucio
515 316 684 362 AEmilio
703 317 872 376 Regino.

228 373 873 429 9‚.,...,13&101nXX117

231 436 295 473 16.
361 436 452 474 inde
473 437 619 475 tardior
647 438 787 481 fastus,
825 437 873 475 ad

224 493 421 543 Scipiones
440 493 488 530 de
505 495 600 532 Pace
623 495 764 545 legatos
783 494 872 532 mit-

224 551 286 595 tit,
314 564 396 601 quae
416 562 544 589 tamen
571 565 650 590 non
678 551 874 594 convenit.

226 610 330 646 XXI.
365 617 517 646 10-12.
584 609 664 646 acie
699 609 820 646 ‘vietus
850 621 872 646 a

224 665 476 716 Scipionibus,
495 667 632 715 (XXII.
655 673 690 712 8,
722 662 776 710 8.)
806 679 870 715 pa-

223 736 310 762 cem
329 723 438 773 petit,
462 736 543 774 quae
562 723 598 762 ei
625 724 741 761 datur.
766 723 869 760 XXI.

231 790 296 825 13.
360 781 466 818 Pacis
502 781 616 831 leges.
661 782 763 818 XXI.
807 791 869 824 14.

224 837 454 876 confirmatae
473 851 492 875 a
510 839 640 876 senatu
658 838 871 887 populoque

173 919 179 922 —
225 896 337 934 Rom.
357 897 477 933 XXII.
501 906 536 940 7.
595 896 870 933 formula-Fce-

224 953 337 992 deris.
358 954 481 990 XXII.
503 952 567 989 26.

281 1009 515 1054 Antiochus,
558 1023 645 1048 cum
678 1009 790 1048 initio
823 1007 869 1045 ad

224 1081 284 1107 res
309 1067 484 1105 maximas
510 1067 760 1117 suscipiendas
787 1066 870 1104 ido·

171 1156 173 1158 .
223 1138 318 1164 neus
336 1125 434 1162 viius
456 1124 567 1168 effer,
601 1127 691 1174 (XI.
723 1134 787 1169 34,
820 1134 868 1166 14

213 1178 324 1236 sqq.)
344 1182 510 1231 process‘u
536 1182 715 1232 temporis
733 1184 772 1234 se
789 1181 871 1230 ipso

225 1239 262 1277 δε
281 1239 480 1278 hominum
508 1240 780 1290 exspectatione
811 1238 872 1276 in-

224 1298 341 1336 ferior
369 1297 546 1346 adparuit.
576 1298 661 1335 XV.
689 1307 755 1343 37.

281 1355 466 1395 Antiochi
482 1355 538 1393 M.
569 1353 645 1392 filia
664 1356 872 1403 Cleopatra,

223 1426 316 1451 uxor
333 1413 546 1451 Ptolemaei
540 1412 871 1461 Epiphanis,1ha-

223 1482 282 1508 ter
300 1469 493 1507 Ptolemaei
503 1462 703 1507 Philomet.
723 1467 759 1505 &
769 1469 870 1518 Phy-

225 1527 359 1566 sconis.
377 1528 554 1565 XXVIII.
583 1538 645 1572 17,
667 1538 704 1573 9.

165 1583 380 1627 Antiochus
411 1584 641 1633 Epiphanes,
687 1581 875 1622 Antiochi

225 1645 282 1682 Μ.
303 1642 414 1685 filius,
441 1641 556 1680 frater
580 1642 703 1679 minor
721 1640 871 1679 Seleuci

167 1729 170 1732 -
225 1699 488 1748 Philopatoris,
501 1712 567 1737 rex
585 1699 710 1748 Syriae.
730 1700 868 1736 XXXI.

232 1769 246 1793 1
256 1769 296 1801 ·,2
322 1769 334 1793 ι
348 1751 415 1807 sq.
474 1758 524 1794 ob
544 1758 641 1794 male
658 1758 788 1794 lanum
808 1756 869 1792 in-

224 1814 381 1866 genium
388 1810 613 1863 Ἐπιμικνὲς
628 1814 749 1863 potius
760 1826 870 1863 quam

224 1865 456 1923 Ἐπιφοινης
537 1870 871 1923 cognominandus.

223 1931 363 1971 XXVI.
391 1940 454 1967 10.

281 2000 369 2026 cum
388 1988 610 2025 Ptolemaeus
636 1985 871 2023 Philometor

188 2075 191 2077 >
225 2044 542 2095 acl-C‘oelesyriam
571 2044 606 2081 ei
638 2043 870 2092 eripiendam

155 2140 158 2143 .
222 2098 292 2155 (cfl
311 2104 493 2140 XXVIII.
518 2112 552 2144 1,
575 2112 593 2137 2
604 2095 687 2153 sq.)
707 2101 744 2139 se
764 2113 868 2137 com-

222 2170 380 2212 pararet,
405 2159 584 2208 praevenit
612 2171 721 2202 eum,
748 2155 785 2193 &
801 2158 868 2194 AE-

221 2229 379 2270 gyptum
394 2215 538 2256 invasit.
562 2217 722 2253 XXVII.
756 2223 862 2260 17,1

213 2270 279 2328 sq.
297 2286 336 2314 n.
375 2274 420 2311 ad
429 2272 616 2311 Pelusium
633 2272 767 2310 callido
779 2272 868 2310 dolo

224 2333 310 2371 usus
326 2332 390 2369 est.
408 2342 421 2366 1
434 2341 470 2375 7,
492 2338 580 2374 εμπ.
634 2330 773 2381 legatos
789 2330 864 2367 Ro-

223 2404 326 2429 mam
372 2388 490 2426 mittit
548 2388 596 2424 de
652 2400 698 2424 eo
752 2387 865 2426 bello.

223 2449 405 2487 XXVIII.
433 2456 466 2482 1.
523 2446 728 2496 AEgyptum
753 2458 867 2483 occu-

223 2517 297 2556 pat.
316 2504 495 2542 XXVIII.
526 2502 652 2546 16,·'1.
711 2503 866 2554 legatio-

219 2564 335 2602 nibus
355 2562 570 2598 Graecarum
586 2557 780 2597 civitatum
805 2573 866 2597 re-

222 2619 394 2669 spondet,
424 2631 490 2666 pro
507 2618 717 2654 Ptolemaeis
745 2617 868 2655 fratri·

221 2679 291 2717 bus
311 2674 407 2724 apud
423 2674 546 2723 ipsum
572 2674 867 2723 deprecantibus.

223 2734 402 2775 XXVIII.
456 2733 503 2767 16
537 2727 626 2783 seq.
693 2731 866 2780 Memphi

222 2784 463 2835 Naucratim,
491 2788 583 2828 inde
599 2789 865 2828 Alexand-riam

574 216 778 250 rumex
813 206 1202 254 ιεῐςτοιιῐονέ

965 326 1080 376 petic3
1100 328 1282 367 XXVIII
1283 321 1363 374 ’τῇ
1385 339 1449 369 ιι,
1507 342 1610 370 eam-

922 411 927 414 .
964 396 1037 433 que
1055 395 1244 435 oppugnat
1270 384 1308 422 &
1337 388 1610 437 propemodum

964 439 1074 490 capit.
1100 452 1112 476 ι
1126 447 1163 485 3,
1183 453 1220 485 ,ι.
1239 443 1385 481 XXIX,
1403 455 1438 489 1,
1460 453 1496 481 1.
1530 445 1609 482 Ro·

964 510 1064 535 mam
1114 498 1236 536 rursus
1282 501 1423 551 legatos
1477 501 1607 540 mittit.

962 555 1144 595 XXVIII.
1172 567 1184 591 1
1197 563 1233 596 8-

1021 611 1067 648 ad
1084 606 1175 650 belli
1192 613 1409 652 societatem
1428 614 1510 653 adv.
1528 614 1608 654 Ro-

962 681 1092 705 manos
1108 670 1117 679 ’
1143 669 1322 708 invitatur
1378 684 1400 708 a
1456 673 1607 712 Perseo.
1630 680 1631 684 ’

962 727 1101 763 XXIX.
1124 737 1160 770 3,
1194 734 1216 768 8
1236 725 1318 780 [kq.
1377 728 1539 768 liberalis
1565 731 1608 771 in

963 783 1126 821 Graecos.
1138 785 1276 822 XXIX.
1289 795 1326 831 9,
1342 796 1355 822 ι
1368 795 1403 829 3.
1423 789 1607 828 XXVIII.

970 847 1034 882 ¹8,
1068 850 1102 884 3·

1021 895 1255 948 magnificam
1286 899 1467 948 Pompam
1504 899 1633 943 ducit*

965 951 1125 992 &ludos
1153 956 1316 994 celebrat
1346 957 1392 994 ad
1417 959 1608 1007 Daphnen
1673 976 1679 982 ·

963 1010 1006 1048 in
1022 1011 1144 1061 Syria;
1171 1014 1308 1050 XXXI.
1330 1023 1347 1058 3
1358 1007 1446 1068 fiq.
1485 1028 1532 1054 ex
1551 1016 1608 1054 eis

963 1068 1118 1117 opibus,
1144 1082 1231 1120 quas
1248 1071 1451 1109 Ptolemaeo
1477 1072 1608 1111 Philo-

963 1126 1099 1164 meteri
1117 1140 1231 1175 puero
1252 1127 1480 1167 abstraxerat.
1506 1141 1544 1174 4,
1566 1141 1607 1178 9.

1019 1183 1082 1221 Ti.
1105 1185 1487 1237 Gracchumlegatum
1496 1187 1607 1226 Rom.

962 1251 1094 1291 magna
1161 1242 1380 1287 dexteritate
1457 1244 1606 1294 excipit.
1664 1276 1668 1282 ,

1241 1299 1436 1338 Antiocho
1459 1299 1496 1338 ἆ
1530 1303 1607 1340 Eu-
1652 1300 1661 1310 ⁴

961 1299 1103 1336 XXXI.
1136 1309 1172 1341 5.

961 1355 1067 1393 meni
1087 1355 1224 1394 diffidit
1239 1357 1386 1395 senatus
1404 1359 1606 1399 Romanus.
1613 1383 1617 1387 -

961 1414 1108 1450 xxxl..
1123 1413 1161 1458 6,
1183 1425 1219 1456 ς.
1242 1425 1279 1460 9,
1301 1415 1322 1451 6
1339 1409 1432 1468 sqq.

1017 1469 1148 1508 Dianae
1167 1473 1373 1520 templum'
1363 1487 1403 1511 in
1414 1473 1608 1530 Elymaide

962 1527 1119 1576 spoliare
1136 1528 1266 1566 frustra
1295 1541 1448 1570 conatus
1465 1524 1606 1570 Antio-

963 1586 1052 1622 chus
1080 1587 1310 1635 Epiphanes,
1345 1589 1501 1628 moritur
1525 1591 1606 1628 Ta..
1672 1592 1677 1601 ¹

962 1642 1031 1681 bis.
1047 1643 1188 1680 XXXI.
1214 1654 1227 1679 1
1244 1654 1278 1682 ¹.
1333 1658 1492 1696 regnum
1507 1644 1607 1697 ejus.

962 1713 1050 1737 cum
1057 1701 1252 1738 Demetrio
1270 1703 1417 1740 Seleuci
1435 1703 1604 1744 filiumde-

959 1758 1131 1801 beretur,
1170 1771 1284 1807 puero
1318 1760 1504 1800 Antiochi
1540 1761 1605 1800 fir-

961 1814 1139 1852 mandum
1163 1815 1292 1853 censet
1317 1817 1464 1856 senatus
1493 1819 1604 1858 Rom.

961 1873 1097 1910 XXXI.
1130 1883 1142 1907 1
1156 1884 1192 1916 2,
1215 1873 1252 1909 6.

905 1931 1118 1970 Antiochus
1152 1926 1363 1981 Eupator,
1403 1930 1615 1982 Epipham‘s·

963 1987 1083 2031 filius,
1113 1999 1220 2036 puer,
1258 1988 1320 2026 cui
1344 1998 1507 2038 regnum'
1523 1989 1604 2040 post

961 2045 1073 2096 patris
1094 2045 1240 2082 obitum
1264 2044 1414 2084 firmant
1430 2043 1609 2092 Romani,=

962 2116 1049 2140 cum
1067 2113 1194 2140 tamen
1218 2103 1263 2140 ad
1281 2103 1522 2144 Demetrium
1534 2117 1606 2155 po-

961 2161 1034 2198 tius
1059 2159 1272 2209 pertineret.
1298 2161 1435 2198 XXXI.
1466 2171 1540 2206 12,
1574 2170 1602 2208 ⁶!

948 2211 1016 2270 sq.
1056 2229 1213 2268 regnum
1231 2217 1268 2255 ei
1288 2217 1514 2257 administrat
1524 2218 1605 2269 Ly-

959 2275 1035 2313 fias.
1053 2276 1190 2312 XXXI.
1215 2285 1277 2322 19,
1303 2284 1340 2312 2.
1607 2293 1609 2297 Α

899 2333 1110 2382 Antipater,
1121 2332 1257 2370 amicus
1274 2330 1439 2380 Philippi
1453 2332 1606 2382 Amyn-

958 2402 1006 2426 tae
1020 2388 1109 2433 filii;
1137 2403 1201 2439 per
1213 2402 1302 2428 eum
1318 2388 1510 2438 Philippus
1528 2385 1604 2427 off&
1631 2405 1634 2410 ¹

958 2445 1259 2490 Atheniensium,
1285 2445 1328 2485 In
1349 2457 1473 2496 pugna
1490 2445 1602 2483 Cht-
1650 2468 1656 2475 -

958 2503 1107 2542 ronenfi
1145 2504 1378 2548 occisorum,
1428 2503 1604 2542 Athenas

958 2561 1143 2600 mittenda
1160 2560 1312 2600 miravit.
1331 2562 1382 2600 V.
1407 2568 1472 2603 ιο,
1494 2570 1532 2604 4.

1016 2619 1141 2668 praelio
1147 2619 1253 2657 vietis
1263 2618 1308 2656 ad
1316 2617 1485 2656 Lamiam
1493 2617 1603 2656 Gro-

959 2675 1025 2720 cis,
1055 2675 1204 2725 peffime
1222 2675 1365 2725 accepit
1382 2674 1600 2713 Athenien-

958 2733 1016 2772 ses
1041 2733 1204 2785 aliosque
1234 2735 1398 2771 Graecos.
1435 2732 1501 2770 IX.
1532 2741 1600 2778 29,

961 2795 998 2827 a.
1054 2786 1126 2830 sou
1159 2791 1278 2830 AEtou
1303 2791 1433 2830 oeulos
1468 2799 1604 2829 contra

1511 2856 1602 2885 em
