1734 3184
0 254 10 298 s
74 270 186 325 Epic.
210 270 280 313 lib.
293 269 398 324 LII.)
423 275 644 316 amandato
667 275 709 316 in
729 264 1014 318 Macedoniam
1033 268 1228 328 Metello,
1258 277 1427 323 Diaeum

489 171 561 202 An
589 146 815 203 nonve-⁶
836 173 917 203 xx..
954 173 1018 206 10.
1348 160 1427 220 '183

1447 249 1636 282 ἒξ

76 353 300 413 praetorem
319 343 572 393 Achaeorum
595 347 643 388 ad
663 345 857 388 Isthmum
880 347 1024 401 praelio
1051 347 1182 402 fudit,
1221 349 1318 392 inde
1343 350 1425 393 Co·
1465 310 1559 348 νεώ
1577 322 1614 349 ⁸⁶

73 413 255 456 rinthum
274 424 435 470 captam
455 418 604 468 diruit3
633 416 714 467 sed,
736 425 782 459 ut
803 417 972 460 Orofius
995 433 1044 459 ex
1071 418 1244 475 Polybio
1263 423 1420 471 retulit,

71 485 164 540 post
188 485 400 529 viftoriam
421 489 587 530 demum
607 489 659 531 de
680 487 801 531 Diaeo
823 485 867 530 δι
886 489 1056 531 Achaeis
1078 491 1128 532 ad
1150 488 1344 534 Isthmum
1371 495 1422 537 ab

0 608 3 613 ‚
72 558 223 598 eodem
252 556 420 600 Metello
451 567 703 614 reportatam
727 560 768 601 in
788 559 922 602 'castra
949 561 1085 611 venit,
1123 575 1326 619 moxque,
1360 565 1419 607 di·

70 627 190 670 mili'o
208 629 404 681 Metello,
438 629 680 674 Corinthum
701 632 968 687 expugnavit.
1025 631 1187 675 Eodem
1210 639 1311 676 ve'ro
1333 635 1421 691 ipso

71 714 203 751 anno,
239 716 323 758 qno
343 703 585 762 consulfuit
607 703 852 754 Mummius,
888 716 971 744 non
992 703 1230 759 insequente
1248 706 1418 750 demum

70 786 180 814 anno
211 775 372 829 captam
395 773 474 815 efl'e
493 773 760 824 Corinthum,
794 787 878 816 non
901 781 984 816 tam
1009 789 1061 817 ex
1079 790 1132 817 eo
1155 777 1420 833 colligemus,

71 846 182 898 quod
215 853 302 886 tum
333 859 415 887 non
441 846 617 901 amplius
645 842 825 895 Consul,
871 845 937 889 sed
967 845 1184 890 proconsul
1217 849 1420 891 dicendus

68 914 205 957 fuiss'et
224 917 471 966 Mummius3
509 906 684 971 (etenim
704 918 746 959 in
769 931 815 967 ea
838 917 1174 967 denominatione
1190 933 1276 961 non
1294 920 1421 962 nimis

69 988 252 1028 adcurati
273 985 403 1035 solent
423 988 506 1043 effe
527 989 744 1044 scriptores
756 985 938 1044 ;)'·quam
959 988 1009 1031 ex
1033 1004 1108 1042 ec,
1140 992 1252 1046 quod
1274 991 1421 1034 celeri-

68 1060 134 1099 ter
153 1061 439 1115 atque-raptim
462 1069 558 1101 tunc
579 1062 717 1102 omnia
736 1060 817 1102 efl'e
834 1061 945 1116 gesta
962 1061 1055 1105 satis
1073 1060 1276 1117 fignificat
1295 1063 1418 1118 Poly.

67 1129 160 1171 bins
180 1131 316 1177 noster
336 1132 426 1174 XL.
450 1143 492 1184 5,
515 1136 542 1182 8
561 1131 615 1187 sq.
645 1131 689 1174 δι
715 1131 789 1177 ΙΙὲ.
818 1143 865 1186 5,
894 1130 935 1174 6.
974 1131 1018 1175 δι
1044 1134 1156 1188 quod
1184 1135 1342 1176 decem·
1359 1134 1417 1176 lea
1616 1166 1646 1181 ι.

67 1202 175 1255 gasti,
202 1216 379 1257 quorum
408 1219 458 1245 ex
489 1205 686 1246 sententia
707 1217 773 1245 res
803 1203 972 1247 Achaiae
1003 1204 1230 1248 Mummius
1255 1206 1419 1248 ordina·

65 1273 150 1322 vit,
181 1275 275 1330 qui
276 1290 374 1317 mox
397 1276 485 1331 post
503 1276 674 1318 excisam
694 1275 970 1328 Corinthum
959 1290 1000 1317 in
1020 1275 1225 1318 Graeciam
1242 1278 1416 1320 advene-

64 1353 188 1391 runt,
213 1344 400 1400 (Paos-an.
424 1362 462 1403 p.
483 1345 596 1406 562.)
621 1325 771 1389 exaffo
794 1344 870 1388 *sex
898 1345 1096 1389 meiifium
1121 1338 1277 1403 spatio,
1315 1361 1415 1391 vere

63 1399 315 1471 insequentis
339 1420 454 1469 anni,
482 1420 550 1471 (ut
572 1421 699 1476 docet
717 1417 868 1473 Polyb.
894 1417 976 1460 hoc
1003 1433 1092 1474 cap.
1126 1419 1225 1461 vers.
1251 1433 1288 1462 1.
1315 1418 1413 1464 coll.

66 1489 102 1529 c.
116 1498 157 1541 9,
187 1488 241 1541 ι.)
260 1487 432 1532 Romam
452 1491 675 1532 redierunt.
719 1482 896 1539 Quibus
916 1505 967 1533 ex
989 1491 1111 1544 rebus
1134 1491 1277 1546 colligi
1299 1489 1413 1549 pofl'e

62 1559 249 1621 videtur,
287 1561 376 1618 post
400 1552 580 1604 medium
611 1561 706 1603 anni
733 1556 819 1611 608
850 1571 1011 1617 captam
1040 1561 1121 1614 efl'e
1149 1563 1411 1617 dirutamque
1516 1598 1537 1626 ἱ

61 1629 318 1675 Corinthum.
375 1633 460 1675 lam
488 1632 779 1688 Carthaginem
800 1633 910 1688 quod
931 1630 1113 1686 adtinet,
1140 1640 1298 1689 captam
1319 1646 1412 1676 eam

61 1700 419 1767 excisamquepeffe
439 1719 537 1747 vere
559 1700 736 1760 ejusdem
755 1706 850 1746 anni
870 1703 968 1754 608,
996 1719 1048 1746 ex
1068 1705 1250 1760 Appiani
1268 1704 1412 1748 Punic.

62 1774 101 1815 c‘.
120 1786 196 1829 ¹27
218 1767 324 1831 seq'q.
346 1778 552 1820 discimus.
615 1777 757 1832 Atque
778 1777 834 1818 ita
855 1775 1008 1818 faRum
1031 1776 1210 1831 intelligi
1230 1776 1410 1827 debebit,

60 1854 110 1887 ut
139 1846 357 1902 Polybius,
404 1863 531 1904 quum
558 1848 690 1891 statim
718 1847 807 1903 post
840 1857 1001 1903 captam
1037 1847 1330 1903 Carthaginem
1364 1849 1410 1890 in

60 1915 268 1961 Graeciam
292 1919 391 1962 effet
416 1917 650 1990 Ρτοΐεξὶιιε,
687 1920 935 1974 periclitanti
960 1920 1105 1975 patriae
1133 1918 1408 1970 succursurus,

61 1989 128 2040 &,
157 2004 252 2032 cum
271 1993 403 2046 gratia
424 1991 534 2046 apud
540 1965 786 2041 Romanos,
821 1996 911 2033 tum
937 1991 1181 2033 auctoritate
1206 1992 1314 2046 apud
1333 2004 1407 2045 po-

60 2061 246 2116 pulares,
271 2071 496 2105 extremam
523 2061 571 2105 ab
591 2063 655 2103 his
678 2062 902 2117 perniciem
924 2063 1087 2104 amoliri
1107 2063 1293 2117 cupiens,
1314 2062 1405 2104 sero

59 2134 227 2188 quidem
256 2134 301 2176 &
325 2141 443 2190 capta
461 2135 546 2190 jam
577 2132 741 2176 fortasse
770 2134 984 2189 dirutaque
1006 2133 1207 2176 Corintho
1233 2135 1406 2175 advene-

57 2206 136 2255 rit,
163 2207 232 2248 sed
251 2206 349 2248 satis
367 2207 500 2248 adhuc
530 2207 572 2248 in
602 2212 814 2261 tempore,
851 2213 900 2254 ut
927 2207 1034 2261 apud
1062 2206 1307 2248 Mummium
1333 2205 1403 2246 de-

56 2292 233 2333 cemque
252 2279 416 2334 legatos
441 2292 517 2333 pro
538 2277 803 2333 popularibus
826 2277 905 2319 suis
934 2277 1169 2333 deprecari,
1205 2275 1250 2319 &
1279 2275 1406 2331 majo-

56 2362 144 2393 rem
165 2351 214 2392 ab
232 2351 294 2392 eis
310 2349 583 2393 calamitatem
607 2358 795 2393 avertere
815 2348 960 2406 posset.

146 2421 249 2466 [bid.
274 2417 490 2476 συνήθειαν
507 2415 635 2475 ’ἔχωσι
654 2423 705 2480 τῆ
722 2417 903 2475 πολιτείᾳ
919 2416 984 2475 καὶ
1015 2422 1097 2466 τοῖς
1125 2414 1268 2469 νόμοις.
1324 2415 1404 2460 Co·

56 2494 334 2549 gitaveramus
354 2494 423 2548 τ’ῆς
442 2490 643 2541 πολιτείας
661 2491 726 2549 καὶ
747 2495 826 2535 τῶν
844 2489 984 2544 νόμων.
1042 2491 1168 2541 Quod
1188 2489 1216 2531 fi
1237 2486 1402 2543 scripsis-

55 2565 117 2607 set
137 2560 324 2619 συνήθεις
342 2555 434 2614 ὅσι,
466 2574 585 2620 aptus
608 2568 751 2623 utique
768 2564 904 2608 fuiffet
925 2563 1090 2606 dativus
1109 2562 1245 2613 casus,
1273 2560 1404 2605 veluti

52 2636 128 2680 111.
152 2647 225 2690 54,
245 2637 286 2680 6.
327 2636 379 2681 V.
400 2635 479 2690 64,
504 2649 543 2689 5.

146 2706 258 2762 Verſs
271 2719 312 2762 4.
355 2709 442 2756 ταῖς
470 2707 680 2760 μεγίστοας
706 2706 840 2761 τιμοΐὶς
868 2703 1061 2761 ἐτίμησαν
1087 2701 1224 2748 αὖτὸν.
1265 2701 1403 2747 'Vide
1445 2710 1540 2751 νηί.
1559 2725 1595 2757 4-

55 2778 311 2824 Testimonia
338 2779 543 2825 Veterum
570 2782 622 2824 de
648 2780 745 2826 Vita
767 2778 929 2834 Polybii
947 2774 1137 2822 Tom.V.
1156 2774 1282 2832 'hujus
1301 2775 1403 2816 edit.

354 2876 366 2888 .
752 2851 801 2893 Μ
828 2861 856 2905 4
1269 2859 1310 2901 p.
1342 2857 1407 2898 ¹3·
